2337 3088
1043 224 1264 282 )(9>(

205 332 381 377 unitatis
409 332 546 390 spicae
566 327 720 373 dicunt.
778 329 841 373 At
875 325 1147 388 longinquitas
1182 327 1374 387 temporis
1405 326 1567 373 diversa
1601 332 1704 385 erit,
1735 341 1860 389 prout
1899 329 1966 376 >rel
2000 332 2105 376 eelo-

202 402 314 452 rius,
349 401 414 443 vel
458 400 612 443 tardius
659 415 719 441 res
751 412 929 459 agentur.
992 397 1118 455 Quod
1162 411 1214 437 ne
1257 397 1316 439 sic
1358 398 1572 450 extendas,
1609 411 1655 442 ut
1697 400 1808 442 illius
1857 399 1988 457 spatio
2027 415 2104 458 pro

202 472 387 515 virorum
411 470 702 527 descriptorum
725 469 860 512 indole
886 483 1023 511 rerum
1054 468 1171 526 copia
1198 482 1282 511 non
1319 466 1583 522 respondeat,
1605 485 1654 511 ne
1684 471 1741 512 sic
1778 473 1995 515 contrahas
2014 505 2026 524 ‚
2056 486 2100 516 ut

202 539 478 600 perspicuitati
502 550 570 582 aut
601 538 763 583 veritati
782 538 988 597 angustiae
1024 537 1116 580 illae
1154 546 1339 579 noceant.
1375 533 1601 576 Commode
1640 550 1772 580 autem
1810 542 1852 583 id
1886 540 2026 600 quod,
2067 543 2102 584 si

204 613 261 653 rei
286 611 523 668 praecipuae
550 626 642 667 pars
673 622 801 659 esset,
823 609 1006 665 longiore
1030 607 1220 663 temporis
1246 607 1376 663 spatio
1403 606 1548 647 unitati
1580 608 1779 672 obstaret,
1807 612 1867 650 vel
1892 624 2009 667 poeta
2037 612 2102 652 vel

202 694 398 738 persona,
432 695 554 738 quam
586 692 704 738 poeta
748 677 932 727 inducit,
974 686 1167 733 tanquam
1200 675 1313 732 prius
1342 686 1478 718 actum
1519 688 1701 734 exponet.
1730 678 1794 721 Ita
1837 681 1879 721 in
1915 680 2102 723 Aeneide

201 751 316 793 cuius
349 762 661 810 argumentum,
692 762 820 791 unum
863 757 1020 788 tantum
1057 760 1212 786 annum
1252 745 1579 804 comprehendit,
1614 761 1674 788 res
1710 760 1859 806 septem
1895 765 2099 793 annorum

205 834 454 863 enarrantur.
485 821 693 876 Odysseae
722 832 848 867 ver0,
878 818 911 857 si
946 827 1087 856 cantus
1123 817 1200 856 sub
1236 816 1315 857 hoc
1352 817 1514 857 nomine
1544 829 1660 858 notos
1689 818 1792 859 inter
1826 823 2004 862 carmina
2030 824 2100 864 illa

204 891 341 949 epica‚
370 890 420 933 de
450 889 598 948 quibus
621 901 731 928 nunc
757 886 913 944 agimus
931 915 943 936 ,
970 883 1115 936 refers,
1148 884 1381 943 Odysseae,
1411 884 1600 944 inquam,
1628 901 1936 947 argumentum,
1966 891 2100 933 inser-

202 972 336 1002 tarum
368 973 504 1000 rerum
540 957 651 997 nulla
687 957 841 997 ratione
866 955 1030 1007 habita,
1064 956 1131 997 vix
1177 971 1304 997 unum
1332 970 1509 997 mensem
1542 960 1878 1014 comprehendet,
1907 961 2032 1011 dum,
2062 963 2096 1003 si

201 1044 264 1072 res
294 1040 432 1070 omnes
461 1025 519 1067 ibi
550 1025 747 1083 expositas
782 1021 1084 1083 complecteris,
1121 1023 1259 1066 decem
1291 1040 1492 1067 annorum
1522 1028 1698 1082 spatium
1732 1027 1908 1069 habebis.
1942 1030 2022 1072 His
2048 1029 2098 1073 de

200 1107 436 1156 argumento
466 1094 655 1138 carminis
682 1093 783 1151 epici
812 1093 853 1134 in
882 1093 1116 1136 universum
1142 1094 1381 1152 disputatis,
1410 1094 1664 1137 Pharsaliam
1695 1110 1806 1138 nunc
1837 1096 2042 1141 adeamus.

284 1187 515 1232 Pharsaliae
547 1187 640 1229 libr.
676 1186 828 1229 I—IX
873 1201 895 1228 a
931 1183 1151 1229 Rubicone
1179 1187 1346 1229 traiecto
1394 1187 1547 1230 scilieet
1590 1203 1718 1246 usque
1749 1188 1800 1231 ad
1834 1189 2015 1233 Caesaris
2056 1192 2099 1235 in

201 1261 439 1319 Aegyptum
477 1255 726 1310 adventum,
778 1257 939 1315 cyclum
987 1256 1215 1316 quendam,
1258 1260 1348 1299 meo
1391 1257 1571 1309 iudicio,
1624 1259 1859 1301 absolutum
1905 1261 2098 1310 efficiunt.

201 1332 338 1388 Caput
368 1329 474 1371 enim
499 1327 703 1385 Pompeii,
736 1326 848 1384 quod
895 1328 954 1370 ibi
987 1327 1147 1370 Caesari
1185 1328 1372 1381 affertur,
1419 1330 1612 1373 victoriae
1650 1331 1792 1373 foedae
1833 1334 1978 1389 pignus
2015 1345 2101 1386 est,

202 1400 393 1458 cupitque
418 1398 521 1440 scire
544 1398 672 1439 lector
703 1411 903 1454 quosnam
938 1397 1095 1440 animos
1122 1398 1269 1440 Caesar
1296 1414 1392 1457 prae
1421 1414 1463 1442 se
1492 1399 1620 1443 ferens
1651 1401 1762 1444 triste
1789 1401 1867 1444 hoc
1898 1415 2103 1460 spectacu-

199 1472 287 1513 lum
319 1468 478 1510 viderit.
540 1467 656 1523 Quae
693 1466 852 1507 decimo
882 1465 989 1507 libro
1036 1466 1086 1507 de
1124 1467 1367 1523 Cleopatra,
1407 1469 1576 1510 Achilla
1623 1481 1660 1510 et
1704 1471 1883 1513 Pothino
1917 1475 2098 1515 subiecta

199 1553 319 1591 sunt,
348 1552 544 1596 quorsum
580 1534 746 1578 tendant
798 1547 835 1578 et
867 1533 1076 1593 quomodo
1118 1549 1213 1577 cum
1267 1536 1599 1592 praecedentibus
1642 1539 1906 1593 cohaereant,
1949 1558 2099 1599 parum

200 1621 370 1653 constat.
431 1607 551 1648 Certe
579 1621 602 1647 a
628 1620 785 1648 summa
813 1605 941 1647 nostri
971 1603 1188 1656 carminis,
1219 1605 1337 1662 quale
1363 1604 1485 1647 hodie
1526 1617 1608 1657 est,
1641 1606 1768 1649 aliena
1809 1622 1915 1652 sunt.
1955 1612 2103 1670 Neque

201 1681 409 1723 absolutus
440 1690 498 1719 est
521 1678 623 1729 liber
647 1677 721 1718 iste
749 1675 954 1724 decimus,
978 1688 1074 1714 cum
1096 1673 1245 1715 Caesar
1268 1687 1429 1730 optetne
1454 1691 1507 1717 an
1530 1676 1667 1718 timeat
1696 1679 1801 1719 mori
1831 1679 1980 1722 dubius
2005 1698 2103 1724 nar-

200 1751 384 1809 ratioque
409 1745 640 1805 imperfecta
668 1744 933 1802 relinquatur.
990 1741 1073 1788 Vel
1102 1740 1309 1803 angustiae
1345 1741 1480 1797 illius,
1527 1760 1621 1788 cum
1660 1763 1801 1792 versus
1834 1751 1913 1804 545
1951 1751 2101 1806 modo,

200 1819 319 1863 ceteri
344 1817 592 1872 695-1105
618 1814 792 1854 habeant
809 1842 821 1862 ,
850 1827 943 1853 eum
966 1826 1048 1853 non
1076 1813 1308 1853 absolutum
1332 1826 1415 1854 esse
1441 1814 1682 1871 significant.
1719 1818 1846 1859 Adde
1878 1820 2100 1873 Catonem,

201 1891 272 1948 qui
301 1898 392 1945 post
419 1882 601 1941 Pompeii
636 1897 775 1924 necem
812 1882 980 1924 Africae
1018 1895 1112 1923 cum
1152 1882 1279 1938 copiis
1328 1882 1518 1927 advectus
1559 1902 1632 1943 per
1667 1888 1887 1945 inhospitas
1916 1891 2099 1947 regiones

201 1958 255 2001 ad
284 1969 417 2014 regem
445 1954 594 1995 Iubam
627 1951 841 2003 tendebat,
868 1951 1003 1993 medio
1037 1952 1079 1993 in
1104 1952 1243 1995 itinere
1275 1971 1299 1997 a
1326 1957 1494 2001 Lucano
1527 1960 1656 2012 mitti,
1691 1974 1821 2018 neque
1852 1961 1980 2003 ullam
2009 1977 2099 2004 am-

200 2028 307 2086 plius
337 2025 387 2068 de
413 2039 459 2066 eo
487 2023 733 2066 mentionem
765 2022 864 2063 fieri.
923 2021 1040 2064 Haec
1073 2037 1308 2080 argumenta
1334 2027 1564 2074 Pharsaliae
1590 2031 1750 2075 Lucani
1779 2046 1863 2075 non
1904 2031 2098 2089 perfectae

201 2096 494 2138 confirmantur
521 2091 637 2134 Statii
669 2092 761 2133 loco
790 2089 889 2133 Silv.
919 2091 994 2142 II,
1019 2105 1071 2146 7,
1104 2108 1197 2138 100.
1231 2096 1374 2142 Verba
1402 2111 1522 2143 sum:

422 2174 489 2217 Sic
518 2184 556 2214 et
587 2185 630 2215 tu
665 2170 818 2225 (rabidi
846 2172 954 2214 nefas
984 2172 1194 2231 Tyranni!
1211 2180 1234 2233 )

422 2244 566 2286 Iussus
593 2241 852 2299 praecipitem
876 2241 1012 2283 subire
1034 2244 1186 2286 Lethen
1201 2277 1214 2297 ‚

422 2312 537 2355 Dum
570 2323 726 2368 pugnas
755 2308 894 2361 canis,
920 2308 1125 2368 arduaque
1159 2328 1259 2357 voce

422 2383 508 2423 Das
539 2379 681 2422 solatia
707 2378 929 2436 grandibus
955 2380 1202 2437 sepulchris,

423 2455 463 2496 O
494 2453 628 2495 dirum
657 2451 813 2509 scelus,
846 2465 873 2492 0
902 2450 1055 2493 scelus!
1084 2451 1248 2494 tacebis.
