2337 3088
1049 196 1274 251 )(5)(

227 297 340 357 quod
366 299 541 341 maxime
570 299 613 339 in
651 294 918 355 dithyrambis
946 296 1184 356 inspicitur;
1214 308 1284 341 aut
1307 310 1380 356 per
1409 307 1580 354 utraque
1606 295 1778 347 confici,
1805 305 1850 337 ut
1878 295 1922 336 in
1948 295 2117 343 heroicis

228 367 399 425 aliisque
421 366 558 411 multis
588 378 773 425 apparet,
808 366 842 411 si
869 367 993 411 modo
1020 368 1255 427 intelligis.“
1314 370 1443 413 Notes
1466 382 1597 413 tamen
1626 369 1767 411 heroes
1799 365 1842 408 in
1867 365 1990 424 epicis
2014 380 2122 408 nun—

223 453 345 495 quam
369 438 446 479 nisi
477 450 669 480 narrante
697 449 815 496 poeta
857 453 970 497 agere
1011 438 1073 492 (iu
1103 454 1181 496 qua
1211 440 1368 480 actione
1399 439 1515 479 Plato
1550 440 1817 481 imitationem
1857 437 1993 495 ponit)
2028 452 2122 481 cum

222 508 299 563 ipsi
330 519 519 558 narrent,
548 523 570 548 a
600 520 716 564 poeta
744 524 900 567 semper
933 513 1100 560 induci,
1130 508 1184 550 ita
1220 520 1264 550 ut
1304 520 1340 550 ct
1369 508 1411 549 in
1440 508 1517 549 hoc
1556 523 1716 565 quoque
1757 523 1919 551 carmen
1961 508 2122 565 epicum

224 590 261 619 et
300 575 504 636 tragoedia
540 575 738 620 disserant.
795 579 887 621 Iam
926 589 1117 637 apparet,
1149 593 1231 636 quo
1267 578 1354 620 iure
1403 577 1484 628 iis,
1514 593 1616 636 quae
1640 579 1831 631 laudavi,
1872 577 2121 638 argumentis

217 646 406 699 innixus,
459 648 611 704 epicam
651 650 806 706 poesim
852 649 892 690 in
939 648 1145 706 tragoedia
1190 648 1388 690 contineri
1434 648 1512 689 loc.
1549 647 1659 689 laud.
1713 649 1950 692 Aristoteles
1992 648 2115 693 dicat.

221 717 398 762 Acutius
424 723 730 780 accuratiusque
763 722 812 763 de
842 721 903 763 his
937 721 1057 762 rebus
1094 719 1315 776 disputavit
1349 717 1581 760 Aristotelis
1604 749 1616 769 ,
1648 730 1776 760 artem
1813 720 2011 776 poeticam
2044 734 2120 761 ex·-

219 790 431 847 ponentis,
456 791 651 848 interpres
676 791 741 833 Cl.
769 792 1032 834 Hermannus
1069 788 1109 829 in
1127 787 1475 854 *commentatione
1505 788 1554 829 de
1593 788 1730 846 tragic.
1769 801 1808 831 et
1845 790 1945 846 epic.
1982 805 2090 847 poes.
2110 821 2120 840 ,

220 873 454 917 quanquam
483 873 564 900 non
591 859 751 910 omnia,
776 873 878 916 quae
902 858 959 898 ibi
989 871 1173 899 summus
1197 857 1427 916 philologus
1457 858 1638 911 disserit,
1657 859 1927 917 probaverim.
1956 861 2000 914 *)
2029 858 2120 899 Ve-

219 943 310 968 rum
327 940 466 969 nostro
480 957 492 977 ‚
510 939 555 968 ut
587 926 728 969 dicunt
741 959 752 979 ,
771 941 899 970 marte
930 928 981 969 ad
1000 927 1252 985 propositum
1270 927 1571 986 aggrediamur,
1594 941 1735 986 atque,
1755 941 1799 970 ut
1818 929 1886 970 via
1911 941 1948 971 et
1964 929 2120 970 ratione

218 996 438 1053 disputatio
475 1007 612 1039 nostra
642 996 859 1055 procedat,
893 997 1005 1040 initia
1036 997 1310 1056 originemque
1329 998 1458 1054 poesis
1484 1000 1618 1056 epicae
1643 1000 1823 1056 primum
1851 998 2116 1055 attingamus.

310 1088 547 1146 Originem,
580 1089 687 1140 sata,
716 1105 779 1132 res
813 1091 967 1133 nobiles
1005 1107 1027 1132 a
1062 1090 1219 1132 civibus
1249 1101 1376 1147 gestas
1405 1091 1536 1132 omnis
1564 1091 1745 1147 profecto
1774 1092 1878 1133 hene
1902 1093 2121 1134 constituta

220 1158 361 1200 civitas
395 1157 568 1200 describi
594 1157 757 1217 gaudet.
815 1158 871 1201 Id
909 1172 1042 1202 autem
1083 1158 1236 1216 duplici
1266 1157 1391 1200 modo
1427 1159 1512 1199 fieri
1546 1171 1706 1218 potest,
1739 1159 1801 1202 vel
1839 1159 1894 1201 ita
1923 1171 1967 1202 ut
1996 1158 2120 1201 intel—

219 1228 346 1268 lectus
373 1242 445 1277 ea,
477 1243 579 1284 quae
605 1244 697 1270 vere
727 1242 836 1288 gesta
863 1231 968 1280 sint,
1005 1230 1117 1271 nulla
1142 1244 1185 1269 re
1216 1241 1395 1279 mutata,
1431 1230 1645 1285 disponat,
1687 1230 1750 1270 vel
1784 1241 1827 1271 ut
1868 1229 2120 1286 imaginandi

220 1295 388 1339 facultas
421 1297 593 1340 sortibus
638 1310 674 1341 et
717 1298 836 1342 claris
876 1299 1059 1341 virorum
1100 1298 1244 1351 factis,
1281 1296 1560 1342 fortitudinem
1602 1311 1638 1342 et
1674 1297 1796 1342 decus
1837 1296 1973 1341 addat.
2032 1297 2121 1339 Uni

217 1365 363 1407 rationi
380 1367 526 1409 veritas
556 1379 591 1410 et
617 1383 679 1410 res
712 1371 802 1423 (bag
822 1371 960 1422 Steate)
982 1367 1097 1409 alteri
1123 1367 1209 1409 idea
1244 1372 1336 1424 (Ὸαό
1367 1371 1522 1424 &beato
1543 1369 1607 1411 lex
1632 1381 1669 1412 et
1686 1384 1841 1424 ‘norma
1876 1370 1962 1412 erit.
1993 1367 2118 1427 Quod

218 1435 250 1477 si
283 1434 392 1491 apud
418 1436 538 1478 rudes
563 1438 735 1494 populos
765 1453 902 1480 sensus
935 1450 972 1479 et
991 1438 1239 1494 imaginandi
1269 1438 1329 1479 vis
1346 1469 1357 1488 ,
1390 1453 1487 1495 prae
1514 1439 1653 1480 ceteris
1683 1439 1808 1481 animi
1832 1441 2118 1495 facultatibus,

217 1515 262 1545 ut
283 1502 468 1556 videtur,
491 1505 731 1562 viguerunt,
758 1519 863 1565 gesta
887 1507 1071 1549 virorum
1103 1508 1235 1563 prima
1276 1508 1454 1565 gentium
1486 1520 1609 1550 aetate
1649 1522 1838 1552 exornata
1864 1525 1911 1552 ac
1935 1516 2117 1568 poetice,

219 1587 263 1617 ut
294 1591 375 1617 uno
399 1575 524 1618 verbo
550 1574 590 1616 id
607 1607 617 1627 ‚
637 1576 748 1633 quod
775 1577 1060 1635 volo,signcm
1079 1610 1089 1630 ‚
1106 1594 1167 1620 res
1192 1589 1444 1620 enumeratas
1473 1591 1650 1619 essenon
1674 1579 1843 1621 mireris.
1877 1583 1945 1634 ⁴¹³)
1976 1582 2118 1623 Grae-

218 1657 362 1685 corum
388 1654 424 1684 et
452 1643 765 1695 Romanorum,
798 1658 841 1687 ut
867 1645 906 1686 in
938 1647 999 1688 his
1029 1648 1324 1698 consistamus,
1351 1661 1413 1688 res
1446 1646 1582 1704 primo
1613 1648 1767 1704 poetice
1797 1660 1951 1691 tantum
1985 1666 2118 1708 expo-

220 1714 315 1755 sitas
344 1725 382 1754 et
410 1711 462 1753 ad
491 1713 634 1753 fidium
667 1728 810 1754 sonum
840 1726 1018 1756 cantatas
1049 1730 1131 1757 esse
1161 1717 1256 1757 satis
1294 1728 1547 1772 compertum
1578 1729 1650 1763 est.
1710 1718 1984 1775 Temporibus
2012 1722 2117 1774 illis,

219 1783 367 1840 quibus
403 1796 475 1823 sua
511 1782 719 1824 Homerus
762 1783 825 1824 vel
867 1784 1116 1826 Homeridae
1154 1787 1335 1827 carmina
1373 1788 1658 1839 confecerunt,
1694 1789 1735 1829 in
1770 1789 1968 1831 conviviis
2002 1790 2124 1832 aoedi-

219 1853 385 1895 fortium
413 1853 597 1895 virorum
626 1866 734 1913 gesta
764 1855 973 1899 canebant.
1033 1856 1138 1900 Satis
1167 1857 1252 1899 noti
1278 1869 1370 1899 sunt
1395 1856 1588 1900 Phemius
1624 1869 1661 1900 et
1684 1857 1946 1901 Demodocus
1973 1872 2009 1902 et
2035 1861 2116 1903 loci

214 1923 455 1972 Homerici,
483 1924 631 1980 quibus
658 1924 707 1965 de
739 1925 786 1966 iis
815 1927 964 1967 mentio
997 1928 1053 1968 fit.
1086 1927 1236 1984 Odyss.
1271 1929 1292 1969 Ι
1309 1957 1320 1978 ,
1348 1929 1443 1970 525.
1475 1927 1644 1977 XXII,
1665 1931 1748 1970 530
1771 1927 1838 1983 (de
1863 1928 2052 1983 Phemio)
2078 1942 2116 1972 et

214 1992 359 2043 VIII,
390 2002 470 2047 44,
498 1993 579 2050 ¹265
604 2005 642 2037 et
674 1993 727 2048 48
755 1993 825 2049 (de
855 1983 1130 2053 D‘emodoco).
1164 1997 1305 2040 Primo
1339 1996 1501 2056 quidem
1532 1997 1624 2040 loco
1650 1996 1827 2040 reditum
1860 1997 2115 2042 Graecorum

313 2139 355 2181 ‘'1)
382 2138 440 2172 Sic
465 2140 731 2182 pulchritudinis
751 2153 885 2177 sensum
913 2146 947 2178 in
983 2146 1060 2179 lusu
1089 2148 1231 2187 mentis,
1263 2148 1297 2180 in
1331 2148 1436 2191 specie
1462 2148 1587 2182 scilicet
1618 2148 1837 2191 cogitationis
1871 2147 1942 2180 sine
1972 2148 2116 2191 cogita-

380 2199 470 2233 tione
497 2200 683 2235 contineri
720 2214 804 2237 cum
833 2203 931 2239 Viro
960 2204 1189 2242 Doctissimo
1219 2205 1317 2242 haud
1339 2205 1576 2255 protulerim.

284 2275 350 2317 Η)
375 2276 427 2308 Ut
451 2275 490 2308 in
514 2274 766 2312 describendis
788 2280 989 2325 praeclaris
1023 2280 1129 2315 factis
1152 2282 1379 2328 scriptores,
1404 2282 1457 2315 ita
1477 2288 1515 2316 et
1539 2281 1577 2315 in
1600 2279 1783 2327 fingendis
1807 2281 1998 2317 nobilibus
2020 2282 2118 2318 viris

377 2333 563 2380 artifices,
601 2349 719 2386 usque
746 2338 792 2373 ad
810 2339 1032 2376 ·-Alexandri
1065 2347 1235 2389 tempora
1255 2342 1432 2389 primaria
1461 2340 1644 2390 quaedam
1671 2340 1903 2378 lineamenta
1934 2341 2110 2380 omnibus

379 2403 470 2432 nota
494 2407 689 2434 servantes
703 2426 713 2442 ,
734 2399 780 2434 ad
799 2408 923 2435 cetera
944 2413 1052 2436 suum
1073 2401 1267 2450 ingenium
1287 2401 1554 2452 sequebantur.
1582 2402 1641 2442 Cf.
1661 2403 1849 2441 Niebuhr.
1872 2404 1971 2441 Hist.
1998 2407 2113 2443 Rom.

380 2457 457 2494 vol.
486 2461 522 2494 1.
545 2471 635 2508 pag.
667 2459 750 2498 174.
778 2460 969 2499 animadv.
