2337 3088
1044 214 1079 266 )(
1140 213 1188 257 18
1250 214 1291 268 )(

221 320 422 365 recentior
447 321 510 362 vel
537 317 711 373 antiquis
746 315 837 357 Diis
862 315 903 356 in
929 311 1107 354 carmine
1133 311 1247 368 epico
1288 313 1352 354 vel
1381 325 1619 370 argumento
1654 315 1696 357 in
1734 330 1816 374 quo
1854 313 2007 372 antiqui
2056 310 2114 352 illi

226 391 478 431 Graecorum
510 398 545 426 et
568 387 856 427 Romanorum
883 382 955 423 Dii
980 381 1203 422 necessario
1226 380 1446 422 inducendi
1477 396 1631 436 essent,
1656 398 1845 428 uteretur.
1876 385 1941 425 De
1971 381 2115 424 talibus

225 458 470 501 carminibus
500 469 593 496 vere
630 453 712 496 dici
753 464 915 511 possent
946 466 1050 510 quae
1083 451 1117 493 F
1121 450 1203 493 red.
1236 451 1429 510 Schlegel.
1460 452 1502 494 in
1545 454 1697 510 scripto
1736 461 1791 502 bie
1828 456 2000 508 &ticcben
2045 457 2117 496 ttub

224 529 363 573 fficium
391 539 483 584 pag,
512 536 597 569 200
635 523 685 566 de
724 522 957 565 recentioris
988 520 1121 578 epicae
1155 520 1286 577 poesis
1314 521 1445 563 forma
1484 521 1526 563 in
1565 520 1800 565 universum
1832 523 2009 580 profert:
2036 524 2121 566 mut

224 601 305 642 meil
331 600 385 639 bie
411 596 541 649 mische
568 597 696 649 moeste
722 600 783 639 bct
811 596 980 647 (Βεῐεάκη
1010 598 1059 636 im
1091 592 1308 651 mythismen
1337 595 1511 640 sseitattet
1541 596 1614 636 eine
1641 592 1681 646 so
1706 596 1799 646 habe
1836 596 1951 638 ὶὸῐιῖτε
1981 594 2122 646 teretem

225 673 347 722 batte,
380 669 497 719 baben
523 665 627 718 5erst
651 669 705 708 bie
732 663 886 719 episcben
915 663 1140 716 Runstfh‘tcfe
1167 667 1227 706 bet
1254 665 1514 711 Kleranbtinet
1542 666 1617 706 unt>
1646 660 1789 706 {mmet
1817 665 1902 716 bod)
1941 666 2026 718 nod)
2066 668 2122 708 ei»,

223 741 330 790 nigcn
354 739 490 780 &tune
521 741 594 780 unb
623 740 771 780 ffiobcn.
803 738 877 779 mie
908 740 1099 778 mobctnen
1131 732 1310 788 OEpopben
1334 736 1511 789 bingegen
1537 732 1712 787 {dmeben
1738 734 1829 785 obite
1858 736 1951 776 ouen
1981 737 2122 785 &chale

223 806 343 862 ifotitt
373 810 423 849 im
454 809 564 868 [ceren
595 808 755 849 fflaunte.

311 889 371 931 Ut
398 889 494 930 illuc
529 886 718 938 redeam,
764 887 1027 945 religionibus
1061 887 1138 930 illis
1180 886 1468 929 recentioribus
1496 887 1734 944 plerumque
1760 884 1933 944 dignitas
1971 882 2118 926 deerat.

225 958 384 1000 Deinde
421 970 501 1000 tam
527 958 755 1014 frequenter
784 958 1074 1007 mutabantur,
1109 969 1150 998 ut
1178 959 1242 998 vix
1274 957 1400 999 ullam
1428 957 1564 1014 epicus
1592 966 1708 1012 poeta
1734 965 1925 1010 tanquam
1967 956 2126 996 firmam

224 1040 260 1069 et
284 1027 469 1069 stabilem
494 1027 535 1067 in
563 1027 741 1068 carmine
767 1037 900 1083 posset
923 1025 1125 1068 adhibere.
1159 1027 1271 1084 Quid
1299 1029 1421 1085 igitur
1449 1028 1674 1070 Lucanus?
1706 1027 1844 1067 Unam
1870 1027 2125 1083 superstitio·—

225 1113 349 1147 ncm,
382 1112 486 1153 quae
518 1096 597 1138 illis
628 1096 884 1152 potissimum
923 1097 1166 1155 temporibus
1207 1098 1439 1149 obtinebat,
1474 1098 1696 1155 usurpavit.
1757 1094 2025 1141 Vaticinandi
2060 1110 2124 1136 ars

227 1166 420 1207 nimirum
438 1178 480 1205 ea
501 1175 628 1206 aetate
649 1165 832 1222 vigebat,
847 1166 1137 1224 innumeraque
1156 1169 1380 1210 divinorum
1396 1198 1406 1219 ‚
1420 1167 1681 1225 haruspicum
1705 1168 1853 1211 scilicet
1867 1198 1878 1219 ,
1895 1165 2124 1208 mathema-

228 1236 400 1276 ticorum
435 1238 476 1287 ⁴¹)
513 1244 552 1274 et
574 1232 613 1272 id
642 1249 767 1289 genus
790 1235 973 1276 virorum
999 1236 1165 1293 collegia
1190 1248 1312 1277 erant.
1340 1237 1404 1277 De
1426 1237 1574 1294 quibus
1600 1238 1702 1278 inter
1727 1236 1826 1277 alios
1851 1237 1959 1276 viros
1984 1234 2125 1276 doctos

226 1304 279 1349 cf.
312 1302 489 1360 Scaliger
522 1302 643 1343 indic.
676 1303 727 1345 ad
771 1305 936 1346 Gruter.
977 1306 1045 1346 Ac
1079 1303 1128 1344 de
1152 1304 1318 1345 Tiberio
1358 1305 1521 1346 Sueton.
1564 1320 1651 1361 cap.
1691 1312 1769 1361 69:
1827 1303 1975 1355 „Circa
2017 1304 2128 1345 Deos

229 1389 276 1415 ac
299 1372 509 1431 religiones
538 1371 801 1429 negligentior
817 1403 827 1421 ‚
854 1374 1003 1431 quippe
1029 1371 1215 1413 addictus
1249 1374 1555 1415 mathematicae
1580 1373 1928 1431 persuasionisque
1951 1373 2092 1429 plenus
2114 1403 2125 1421 ‚

226 1456 372 1486 cuncta
406 1443 487 1485 sato
511 1443 619 1501 agi.“
650 1442 714 1484 De
740 1441 1034 1485 mathematicis
1071 1457 1208 1485 rursus
1236 1442 1372 1497 Tacit,
1406 1443 1565 1491 Histor.
1598 1444 1648 1495 I,
1680 1456 1750 1490 22.
1813 1441 2126 1494 „Mathematici

224 1528 348 1569 genus
381 1514 592 1554 hominum
630 1514 858 1569 petentibus
884 1511 1057 1551 infidum
1085 1513 1337 1566 sperantibus
1362 1513 1482 1553 fallax
1511 1513 1552 1553 in
1579 1513 1741 1554 civitate
1764 1524 1901 1553 nostra
1935 1524 1973 1553 et
2007 1525 2125 1553 veta-

224 1582 334 1625 bitur
358 1597 514 1640 semper
541 1595 578 1625 et
599 1581 883 1625 retinebitttr.“
913 1580 1077 1622 Tuscus
1100 1579 1220 1637 igitur
1244 1580 1283 1622 in
1304 1580 1511 1623 Pharsalia
1537 1579 1758 1625 advocatur
1784 1593 1893 1624 vates
1909 1614 1919 1631 ,
1943 1580 2012 1637 qni
2035 1593 2129 1638 post

227 1653 401 1692 lustrum
428 1663 637 1708 peractum
666 1662 703 1690 et
727 1650 913 1691 victimae
939 1661 1134 1690 mactatae
1164 1651 1284 1690 fibras
1330 1651 1525 1706 inspectas
1561 1651 1667 1692 mala
1717 1652 1853 1692 futura
1894 1665 2127 1708 quanquam

231 1736 301 1776 pet·
331 1721 519 1775 ambages
552 1720 763 1775 praesagit.
828 1719 965 1774 Magis
1011 1717 1219 1772 perspicue
1257 1718 1424 1775 Figulus
1470 1720 1716 1776 Astrologus
1752 1721 1851 1761 ibid.
1892 1736 1930 1762 v.
1958 1722 2051 1763 666.
2093 1734 2131 1762 et

227 1803 337 1844 seqq.
399 1788 569 1829 Disertis
599 1788 730 1829 verbis
758 1786 939 1843 Pompeii
976 1786 1139 1827 caedem
1181 1798 1217 1828 et
1258 1787 1415 1829 cladem
1448 1786 1500 1829 ad
1548 1787 1759 1845 Philippos
1798 1801 1995 1831 memorat
2033 1804 2127 1831 ma-

229 1869 368 1905 trona,
398 1872 522 1912 quam
556 1858 668 1898 Deus
700 1856 752 1898 ad
781 1856 1019 1897 vaticinium
1043 1868 1157 1912 urget
1193 1856 1291 1897 ibid.
1325 1857 1411 1912 678
1441 1867 1479 1896 et
1505 1871 1615 1912 seqq.
1680 1855 1837 1896 Eodem
1860 1858 2059 1913 pertinent
2083 1874 2128 1900 ea

229 1937 332 1979 quae
359 1923 526 1965 Erichto
564 1939 679 1982 maga
718 1924 945 1976 Thessala,
979 1936 1024 1966 ut
1060 1922 1231 1966 cadaver
1276 1922 1328 1965 ad
1371 1924 1506 1965 sutura
1548 1922 1739 1964 edicenda
1782 1925 1968 1976 suscitet,
2009 1927 2130 1971 Sexto

231 1993 271 2031 Γ.
295 1994 428 2049 nipeio
453 2006 615 2035 auctore
643 1994 723 2050 agit
752 1995 841 2046 VI,
872 1994 953 2047 624
978 2006 1014 2035 et
1038 2008 1145 2050 seqq.
1180 1993 1338 2035 Deinde
1362 1993 1552 2035 carminis
1570 1993 1685 2035 initio
1714 1995 1899 2037 Lucanus
1923 1996 2130 2039 Neronem

233 2061 359 2119 tnagis
384 2077 508 2121 quam
531 2061 766 2118 Apollinem
792 2055 1100 2106 aut'Bacchum
1131 2064 1292 2107 invocat
1322 2064 1370 2116 I,
1406 2064 1472 2106 63.

455 2144 534 2186 Sed
565 2144 663 2184 mihi
685 2144 766 2185 iam
795 2160 969 2186 numen:
999 2161 1094 2197 nec,
1132 2147 1162 2188 si
1188 2159 1223 2188 te
1249 2160 1408 2204 pectore
1438 2159 1549 2190 vates

453 2215 674 2271 Accipiam
695 2247 706 2266 ,
745 2215 937 2257 Cirrhaea
967 2217 1086 2258 velim
1118 2231 1266 2259 secreta
1302 2233 1529 2262 monentem

328 2346 371 2387 5)
399 2344 623 2392 Plerumque
649 2343 924 2381 Mathematicus
946 2346 1044 2394 apud
1072 2347 1275 2394 scriptores
1301 2347 1411 2384 istius
1432 2350 1563 2385 aetatis
1586 2356 1622 2384 et
1646 2348 1745 2397 apud
1763 2349 1883 2398 ipsun
1910 2348 2130 2385 Cice-ranem

403 2403 609 2439 Chaldaeum
640 2404 702 2441 vel
722 2405 953 2453 Astrologum
976 2415 1106 2453 sonat,
1130 2420 1214 2446 eum
1244 2406 1385 2445 seilicet
1409 2410 1471 2460 qtti
1502 2422 1548 2446 ex
1574 2410 1762 2460 posilione
1793 2407 1986 2445 stellarum
2007 2409 2135 2446 fultum».

404 2477 442 2501 se
463 2478 688 2514 cognoscere
716 2468 934 2514 profitetur.
