2337 3088
951 139 988 213 i:
1042 140 1110 199 δ’·
1154 138 1209 211 fl?

130 242 514 316 wyttenbachius,
544 246 665 300 h'uius
699 256 915 317 Gylfinasii
944 247 1146 310 director,
1173 251 1269 299 'casu
1303 254 1461 300 detexit.
1523 253 1628 298 Cum
1655 249 1777 296 ¹enim
1814 252 1949 298 nescio
1975 261 2027 302 ad

128 342 250 384 quem
275 328 396 369 finem
422 327 548 370 libros
579 328 775 384 quosdam
814 330 902 385 pios
937 329 977 369 in
1013 327 1130 370 usum
1160 329 1454 370 monachorum
1491 327 1768 384 conscriptos,
1795 325 2029 378 evolveret,

130 407 224 440 ecce
242 393 288 441 iil.
314 395 513 455 tegumine
540 395 637 439 libri-
661 396 878 440 cuiusdam·
893 395 1108 454 inscripti:
1133 397 1357 454 :Epielmma
1387 395 1867 453 expositaebnissankmis
1884 398 2028 439 missae

129 468 320 524 magistri
337 468 641 521 Gdrielisszl
658 482 771 521 sacre
790 466 1209 522 theologibvliemtfaei
1226 466 1462 517 membrana
1475 464 1735 523 squaedam-oi
1757 458 2027 526 apparuit‚²<in

127 547 207 590 ,qua
230 537 328 576 mox'
351 535 577 578 Pharsaliae
597 538 729 595 partes
757 536 954 592 quasdam
977 534 1153 591 agno'vit.
1170 532 1479 577 «Membmanam
1507 534 1614 583 banc
1630 565 1641 585 ‚
1662 542 1773 591 qu'ae-
1792 534 2027 579 duodecimi

126 602 274 647 saeculi
287 610 374 647 'esse
386 604 559 659 videtur,
573 606 665 651 vVir
685 604 889 656 eruditus,
907 608 1069 656 mecum
1079 600 1605 661 henignefcommunicavit.
1626 602 1718 660 Qua
1736 601 1830 647 cum
1851 604 2028 654 editione

127 672 352 715 Burmanni
369 675 512 722 collata
529 704 542 727 ,
557 676 789 718 varietatem
815 674 1031 724 lectionis,
1049 685 1171 730 quam
1186 673 1346 725 offert,-
1370 674 1557 732 evulgare
1584 674 1695 715 haud
1718 675 1995 722 inutile-duxi.

148 775 162 784 ”
209 765 347 809 Partes
372 781 476 823 quae
498 766 555 807 ibi
578 767 840 822 reperiuntur
858 775 953 806 sunt
980 765 1052 815 V,
1077 764 1315 819 663·-702.
1347 764 1461 811 Ibid
1486 766 1723 821 706—4747
1760 767 1857 818 VI,
1864 771 2027 820 304—

126 834 359 886 345.1bid.
391 837 627 892 552-‘590
658 831 1180 902 1bid.490—503.11›id
1216 834 1450 896 532-549.
1480 835 1604 888 VH,
1639 837 1878 893 567—384.
1916 834 2028 878 Ibid.

124 905 359 960 416-—429

209 996 281 1060 V,
311 995 408 1057 667.
439 994 726 1037 Burmannus.
771 995 928 1053 Stygias
961 1006 998 1037 et
1033 995 1177 1037 consul
1214 993 1266 1036 ad
1295 995 1493 1045 umhras3
1531 995 1584 1037 ita
1619 997 1725 1039 Cod.
1770 998 1895 1039 Trev.
1926 1011 2023 1039 cum

123 1080 244 1122 supra
273 1064 421 1120 scripta
447 1063 644 1105 lectione.-
668 1064 721 1105 ad
764 1064 908 1106 undas.
949 1089 989 1098 -
1017 1066 1112 1118 672.
1145 1064 1275 1120 Supra
1320 1079 1492 1105 voeem.
1521 1064 1702 1107 decimus
1734 1065 1854 1107 habet
1887 1064 2023 1108 noster

125 1133 265 1175 Codex
290 1132 557 1175 scholiolum:
588 1137 755 1176 validus.
791 1157 846 1165 —
874 1134 971 1189 696.
1013 1133 1166 1175 Sufficit
1211 1133 1263 1175 ad
1296 1134 1423 1175 {atum
1450 1133 1578 1184 belli3
1618 1134 1693 1175 Tr.
1731 1133 1784 1175 ad
1823 1147 2025 1176 summam

122 1201 219 1246 belli
249 1216 344 1244 cum
372 1216 494 1259 supra
520 1201 668 1258 scripta
701 1202 895 1244 lectione:
928 1201 981 1244 ad
1003 1202 1143 1244 fatum.
1174 1204 1269 1259 698.
1294 1203 1390 1244 hinc
1414 1218 1509 1244 usus
1538 1220 1551 1252 3
1577 1204 1649 1244 Tr.
1681 1203 1747 1243 hic
1772 1217 1822 1243 ne
1855 1216 1966 1242 usus.

208 1285 282 1335 V,
307 1297 405 1341 709.
436 1284 563 1326 Venti
605 1286 959 1341 velique3.Trev.
994 1285 1071 1329 veli
1109 1286 1308 1340 ventique.
1328 1311 1394 1320 -—
1431 1289 1526 1343 713.
1561 1287 1633 1328 Ad
1675 1288 1848 1328 verbum
1878 1288 2026 1342 figuras

120 1353 243 1395 habet
271 1353 422 1410 Noster
443 1354 861 1411 interpretamentumt
891 1357 1060 1396 litteras.
1092 1376 1137 1386 -
1163 1356 1258 1410 7ι6.
1286 1355 1383 1398 Vox
1412 1354 1602 1412 dispersis
1631 1354 1753 1396 habet
1783 1355 2028 1412 interpreta-

121 1433 327 1464 mentum:
357 1425 614 1464 inordinatis.
644 1445 701 1453 —
727 1435 822 1478 722.
860 1421 992 1477 Supra
1036 1420 1249 1466 lectionem
1277 1424 1431 1466 collatis
1473 1425 1596 1466 Trev.
1631 1424 1823 1466 collectis.
1858 1448 1904 1456 —
1927 1436 2025 1479 727.

119 1493 287 1547 Aequas
315 1490 597 1546 interpretatur
624 1492 747 1531 Trev.
796 1506 921 1546 aeque
953 1507 995 1533 se
1029 1494 1252 1547 diligentes.
1299 1493 1392 1546 728.
1438 1493 1539 1533 iusta
1570 1507 1697 1533 venus
1740 1492 2026 1548 interpretatur

122 1561 273 1602 Trev.:
301 1562 514 1602 maritalis.
550 1584 596 1593 —
628 1560 723 1614 750.
768 1559 898 1617 Supra
931 1575 1092 1602 vocem:
1130 1575 1212 1617 quo
1240 1561 1361 1604 habet
1393 1562 1516 1603 Trev.
1557 1561 1703 1602 verba:
1738 1563 1810 1604 sub
1841 1565 1940 1605 ictu.
1972 1586 2025 1596 —

122 1632 219 1686 739.
249 1629 351 1673 Vita
379 1642 460 1669 non
486 1642 595 1669 nunc
629 1629 727 1669 mihi
743 1647 756 1678 3
785 1628 906 1670 Trev.
941 1644 1022 1670 non
1056 1643 1167 1672 nunc
1193 1630 1291 1671 mihi
1316 1629 1411 1670 vita.
1444 1651 1498 1659 —
1530 1639 1623 1684 747.
1655 1628 1758 1671 Satis
1787 1641 1843 1671 est
1869 1629 2029 1671 audisse

120 1699 300 1754 pericula
331 1699 476 1756 Magni
496 1717 508 1748 3
536 1699 659 1740 Trev.
696 1700 789 1740 satis
809 1712 865 1741 est
883 1699 1031 1755 Magni
1056 1698 1215 1741 audisse
1236 1699 1397 1755 pericla.
1431 1697 1567 1754 (Legit
1583 1728 1595 1749 ‚
1618 1709 1662 1740 ut
1685 1698 1844 1741 videtur
1863 1729 1875 1749 ‚
1899 1698 2028 1740 libra-

123 1767 224 1810 rius:
251 1767 400 1825 Magni
422 1768 518 1810 satis
543 1782 625 1809 esse
652 1767 810 1810 audisse
832 1767 1015 1824 pericla).

205 1858 301 1911 VI,
329 1861 426 1905 δη.
453 1859 539 1902 Nee
558 1872 701 1902 sancto
724 1858 917 1901 caruisset
943 1859 1024 1901 vita
1062 1857 1216 1901 Catone
1232 1875 1245 1909 3
1280 1858 1432 1900 Noster
1461 1873 1605 1916 supra:
1635 1859 1907 1917 Enallage—
1926 1859 2026 1906 518.

120 1929 277 1970 hortate
289 1929 438 1985 patrias
455 1930 595 1978 sedes;
624 1930 745 1970 Trev.
765 1929 980 1970 hortantur
1002 1941 1104 1985 patr.
1128 1928 1209 1969 sed.
1240 1952 1285 1960 -
1311 1929 1405 1972 321.
1437 1928 1515 1970 Me
1532 1959 1544 1979 ‚
1568 1929 1645 1970 nisi
1672 1927 1839 1970 dimisso
1857 1945 1871 1978 3
1898 1926 2025 1970 Trev.

118 1997 285 2040 remisso
311 2011 406 2039 cum
437 1997 788 2055 interpretamento
820 2013 966 2055 supra:
998 2010 1150 2040 remoto
1182 2014 1207 2039 α
1238 2014 1300 2041 me
1334 2009 1370 2039 et
1398 1997 1568 2038 lectione
1596 1998 1644 2039 ad
1680 1997 1926 2053 marginem:
1955 1996 2026 2037 di·-

119 2068 255 2108 misso.
289 2091 334 2099 —
364 2069 459 2122 337.
484 2068 696 2124 rabidique
718 2068 1014 2120 leoni53Trev.
1035 2066 1181 2124 rapidi.
1212 2090 1259 2099 —
1289 2066 1385 2122 339.
1417 2066 1528 2111 Voci
1557 2067 1711 2125 Iapyga
1757 2068 1859 2109 inest
1896 2066 2021 2109 scho-

123 2135 248 2177 lium:
278 2137 547 2176 collateralem
577 2147 734 2177 ventum
765 2137 949 2192 Zephyri.

211 2225 301 2276 VI,
317 2224 413 2267 552.
435 2223 591 2267 Pteleos
607 2241 619 2273 ;
635 2224 708 2266 Tr.
728 2224 915 2267 Theleos.
932 2227 1094 2279 -354
1116 2225 1350 2266 Moeliboea
1370 2224 1565 2281 pharetris
1583 2241 1596 2275 3
1623 2223 1694 2266 Tr.
1715 2225 1846 2266 Moel.
1872 2225 2027 2284 sagittis

123 2310 217 2337 cum
236 2293 427 2336 lectione:
456 2293 656 2347 pharetris
679 2295 942 2349 superposita.
978 2317 1025 2326 -
1053 2296 1151 2345 364.
1183 2295 1343 2335 Evenos
1366 2295 1573 2351 Caiydona
1590 2311 1603 2342 3
1627 2295 1703 2336 Tr.
1728 2294 1916 2334 Eveneus
1937 2295 2028 2335 Cal.

120 2379 216 2408 cum
236 2378 356 2427 supra
384 2361 530 2420 scripta
569 2361 662 2411 lect,
691 2359 868 2406 Evenos.
900 2387 949 2398 -
978 2363 1076 2420 384.
1107 2362 1239 2408 solum
1267 2377 1412 2422 rupere
1422 2379 1437 2415 3
1466 2363 1546 2411 Tr.
1569 2361 1703 2411 solum
1718 2363 1883 2422 fregere.
1918 2361 2025 2407 Inde
