2337 3088
1019 222 1059 276 )(
1114 223 1169 265 25
1225 222 1266 275 )(

428 323 556 365 Mene
585 323 742 379 incepto
768 321 953 365 desistere
980 324 1131 366 victam
1147 355 1160 376 ,

427 392 517 434 Nec
542 407 658 449 posse
678 392 797 435 ltalia
824 393 1081 435 Teucrorum
1105 403 1280 436 avertere
1310 406 1443 450 regem
1460 391 1473 434 Ξ

431 460 592 519 Quippe
616 474 727 505 vetor
764 462 879 504 fatis!
910 462 1096 505 Pallasne
1121 476 1284 504 exurere
1313 462 1479 504 classem
1510 473 1584 504 etc.

294 538 357 586 'vel
392 558 463 601 per
497 544 651 603 singula
686 545 885 589 vocabula
924 545 966 587 in
1002 546 1088 603 ipsa
1133 544 1362 587 narratione
1400 543 1626 603 signandis,
1666 555 1712 590 ut
1741 544 1856 590 initio
1886 545 1982 589 libri
2010 542 2098 591 IV.

424 638 487 679 At
517 637 677 695 regina,
708 636 821 695 gravi
852 638 933 679 iam
964 635 1122 679 dudum
1156 640 1299 680 saucia
1329 651 1449 688 cura,

431 709 573 749 Vulnus
604 707 674 749 alit
700 707 836 758 venis,
866 718 904 748 et
935 722 1053 749 caeco
1083 706 1261 762 carpitur
1293 706 1398 762 igni,
1428 718 1501 749 etc.

204 788 254 831 In
284 788 346 832 his
373 788 472 832 locis
497 801 613 848 poeta
643 789 902 848 agnoscitur,
931 788 1001 847 qui
1030 788 1062 830 si
1094 788 1286 830 Romana
1316 789 1357 830 vi
1399 789 1441 831 in
1480 790 1560 833 hoc
1599 789 1828 834 Pharsaliae
1858 801 2093 848 argumento

204 871 382 901 versatus
420 870 541 908 esset,
569 872 655 916 pro·
682 870 826 899 stanno
853 859 930 899 isto
961 856 1215 899 Cordubensi
1249 873 1393 899 aurum
1426 871 1462 901 et
1499 876 1675 917 gemmas
1720 873 1825 913 certe
1852 860 2035 902 dedisset.

286 941 517 984 Pharsaliae
556 953 653 984 nota
698 955 779 983 una
821 953 877 984 est
915 941 1024 999 rigor
1056 940 1222 1000 quidam
1265 957 1347 1000 quo
1386 944 1599 988 sententiae
1637 959 1719 987 non
1759 955 1901 1002 suopte
1942 945 2097 995 ssuunt,

203 1010 271 1053 sed
314 1024 478 1067 operose
515 1010 810 1070 conglutinatae
840 1025 922 1052 esse
955 1011 1154 1052 videntur.
1202 1012 1340 1068 Quare
1377 1013 1531 1054 Lucani
1573 1015 1682 1070 poesi
1725 1013 1832 1054 deest
1872 1014 1940 1065 id,
1979 1014 2092 1071 quod

208 1081 407 1122 narrantis
433 1080 622 1121 carminis
646 1091 737 1121 ante
765 1080 901 1121 omnia
921 1082 1133 1137 proprium
1161 1095 1243 1122 esse
1262 1081 1402 1131 debet,
1431 1082 1567 1123 lucida
1594 1082 1660 1123 illa
1678 1114 1689 1133 ‚
1714 1083 1833 1125 rebus
1857 1094 1893 1123 et
1919 1085 2098 1139 personis

207 1163 298 1208 apta
343 1148 484 1191 oratio.
545 1145 668 1205 Quod
708 1147 905 1189 iudicium
948 1151 1224 1208 unusquisque
1254 1150 1485 1193 Pharsaliae
1517 1152 1623 1193 liber
1658 1162 1788 1210 potest
1826 1151 2094 1199 confirmare;

198 1235 252 1261 ac
276 1221 307 1261 si
333 1221 447 1260 locus
485 1220 557 1268 V,
585 1221 677 1262 515.
704 1219 746 1260 in
773 1220 1005 1262 universum
1038 1234 1154 1271 eum,
1181 1216 1252 1277 qui
1280 1221 1522 1262 conveniens
1562 1233 1644 1273 est,
1673 1221 1852 1263 colorem
1882 1220 2028 1270 habet,
2057 1233 2094 1262 et

203 1304 340 1331 versus
371 1289 412 1331 V
431 1319 442 1338 ,
476 1288 567 1330 526.

423 1370 594 1414 Secutus
622 1371 717 1413 belli
755 1370 944 1429 praedam
975 1371 1162 1415 civilibus
1197 1372 1318 1414 armis

425 1441 510 1482 Scit
535 1456 615 1481 non
649 1456 731 1481 esse
761 1455 885 1482 casas.
918 1442 957 1482 O
986 1441 1092 1482 vitae
1121 1453 1203 1483 tuta
1230 1441 1400 1483 facultas

423 1512 637 1568 Pauperis,
664 1512 902 1568 angustique
926 1513 1027 1554 lares
1045 1513 1057 1558 l

204 1598 287 1653 ipsa
314 1582 568 1651 simplicitate
591 1596 746 1645 nitent,
781 1596 915 1637 omnia
942 1611 1036 1637 mox
1067 1595 1275 1651 perturbat
1305 1595 1454 1640 Noster
1491 1598 1562 1640 has
1601 1598 1753 1640 iactans
1787 1596 2010 1653 ampullas:

646 1679 686 1721 O
719 1693 884 1720 munera
919 1677 1103 1720 nondum

422 1749 632 1790 Intellecta
661 1750 818 1789 Deum!
850 1749 997 1806 quibus
1019 1749 1095 1788 hoc
1121 1748 1352 1804 contingere
1377 1750 1558 1804 templis,

423 1821 514 1861 Aut
536 1820 666 1876 potuit
693 1819 845 1869 muris,
879 1816 989 1858 nullo
1018 1816 1217 1874 trepidare
1249 1817 1448 1869 tumultu,

422 1887 618 1929 Caesarea
647 1888 831 1943 pulsante
862 1887 1016 1927 manu?

203 1960 272 2007 Ac
306 1957 452 1998 Caesar
480 1971 603 2013 porro
637 1957 792 1999 tumido
824 1967 988 1997 nautam
1020 1951 1266 2011 compellaris
1287 1969 1396 1996 >ore:

205 2017 207 2019 Ι
423 2027 621 2084 Exspecta
648 2030 752 2070 votis
781 2030 935 2068 maiora
969 2026 1160 2066 modestis
1189 2037 1269 2076 etc.

205 2112 419 2155 Excelsum
433 2142 443 2161 ,
460 2112 651 2168 frigidum
668 2125 703 2154 ct
728 2112 943 2168 ridiculum
963 2111 1012 2153 de
1036 2109 1229 2167 Pompeio
1244 2111 1392 2153 Noster
1412 2110 1513 2152 mire
1533 2108 1695 2152 miscuit
1711 2108 1818 2160 VII,
1835 2107 1916 2153 668
1931 2119 1967 2151 et
1980 2123 2089 2167 seqq.

203 2182 416 2223 Excelsum
455 2181 561 2222 enim
597 2182 699 2224 dicit
725 2194 761 2224 et
794 2198 1013 2240 magnum,
1053 2180 1152 2223 dum
1197 2194 1334 2224 narrat
1366 2180 1630 2238 Pompeium,
1664 2194 1758 2221 cum
1784 2178 1940 2219 cladem
1974 2192 2093 2220 suam

205 2251 411 2300 sensisset,
447 2251 592 2292 milites
624 2251 817 2291 dimicare
857 2263 1060 2308 pergentes
1080 2281 1088 2293 ,
1140 2266 1189 2290 ne
1227 2251 1374 2293 frustra
1402 2250 1563 2307 sanguis
1598 2251 1758 2298 flueret,
1789 2263 2023 2299 revocasse,
2051 2263 2092 2289 v.

199 2321 293 2363 668.
323 2320 427 2361 Cum
451 2321 509 2360 his
539 2320 725 2375 congruit
753 2335 792 2361 v.
830 2320 924 2361 658.
988 2318 1172 2369 „Parcite
1212 2320 1370 2374 superi,
1406 2331 1569 2361 cunctas
1599 2331 1849 2375 prosternere
1891 2328 2094 2378 gentes:“

203 2390 443 2434 Claudicant
470 2388 612 2433 deinde
635 2402 771 2433 versus
789 2419 800 2440 ,
830 2386 975 2446 quibus
1000 2399 1164 2429 causam
1186 2418 1197 2438 ,
1215 2400 1287 2430 cur
1312 2386 1527 2446 Pompeius
1551 2388 1590 2430 in
1613 2403 1727 2431 arma
1751 2400 1791 2433 et
1818 2389 1954 2436 hostes
1977 2402 2068 2440 ruat
2083 2423 2096 2448 ‚

200 2476 394 2518 exponere
420 2461 550 2502 studet
577 2461 670 2515 669.
703 2471 739 2501 et
768 2473 876 2515 seqq.
902 2456 1087 2500 Ridiculi
1114 2456 1285 2514 denique
1312 2471 1452 2500 versus
1473 2460 1567 2515 677.
1598 2470 1636 2500 et
1668 2473 1751 2515 seq.
