<?xml version="1.0" encoding="UTF-8"?>
<!DOCTYPE html PUBLIC "-//W3C//DTD XHTML 1.0 Transitional//EN"
    "http://www.w3.org/TR/xhtml1/DTD/xhtml1-transitional.dtd">
<html xmlns="http://www.w3.org/1999/xhtml" xml:lang="en" lang="en">
 <head>
  <title>
</title>
<meta http-equiv="Content-Type" content="text/html;charset=utf-8" />
  <meta name='ocr-system' content='tesseract 3.04.00' />
  <meta name='ocr-capabilities' content='ocr_page ocr_carea ocr_par ocr_line ocrx_word'/>
</head>
<body>
  <div class='ocr_page' id='page_1' title='image "./4774685_0027.png"; bbox 0 0 2337 3088; ppageno 0'>
   <div class='ocr_carea' id='block_1_1' title="bbox 948 178 1253 258">
    <p class='ocr_par' dir='ltr' id='par_1_1' title="bbox 948 178 1253 258">
     <span class='ocr_line' id='line_1_1' title="bbox 948 178 1253 258; baseline 0.007 -4"><span class='ocrx_word' id='word_1_1' title='bbox 948 178 1253 258; x_wconf 34' lang='lat'><em>*)(19)(</em></span> 
     </span>
    </p>
   </div>
   <div class='ocr_carea' id='block_1_2' title="bbox 169 298 2067 1057">
    <p class='ocr_par' dir='ltr' id='par_1_2' title="bbox 405 298 1556 363">
     <span class='ocr_line' id='line_1_2' title="bbox 405 298 1556 363; baseline 0.005 -23"><span class='ocrx_word' id='word_1_2' title='bbox 405 298 629 340; x_wconf 79' lang='lat' dir='ltr'>Sollicitare</span> <span class='ocrx_word' id='word_1_3' title='bbox 654 298 811 353; x_wconf 87' lang='lat' dir='ltr'>Deum,</span> <span class='ocrx_word' id='word_1_4' title='bbox 828 300 1116 360; x_wconf 69' lang='lat' dir='ltr'>Bacchumque</span> <span class='ocrx_word' id='word_1_5' title='bbox 1140 305 1182 358; x_wconf 66' lang='lat'>⁴)</span> <span class='ocrx_word' id='word_1_6' title='bbox 1212 315 1388 347; x_wconf 79' lang='lat' dir='ltr'>avertere</span> <span class='ocrx_word' id='word_1_7' title='bbox 1415 305 1556 363; x_wconf 84' lang='lat' dir='ltr'>Nysa:</span> 
     </span>
    </p>

    <p class='ocr_par' dir='ltr' id='par_1_3' title="bbox 180 368 2067 567">
     <span class='ocr_line' id='line_1_3' title="bbox 402 368 1511 417; baseline 0.005 -7"><span class='ocrx_word' id='word_1_8' title='bbox 402 370 471 410; x_wconf 89' lang='lat' dir='ltr'>Tu</span> <span class='ocrx_word' id='word_1_9' title='bbox 505 368 599 409; x_wconf 87' lang='lat' dir='ltr'>satis</span> <span class='ocrx_word' id='word_1_10' title='bbox 629 368 681 410; x_wconf 83' lang='lat' dir='ltr'>ad</span> <span class='ocrx_word' id='word_1_11' title='bbox 709 370 861 413; x_wconf 87' lang='lat' dir='ltr'>dandas</span> <span class='ocrx_word' id='word_1_12' title='bbox 889 372 1083 413; x_wconf 86' lang='lat' dir='ltr'>Romana</span> <span class='ocrx_word' id='word_1_13' title='bbox 1116 373 1156 413; x_wconf 90' lang='lat' dir='ltr'>in</span> <span class='ocrx_word' id='word_1_14' title='bbox 1190 373 1370 414; x_wconf 83' lang='lat' dir='ltr'>carmina</span> <span class='ocrx_word' id='word_1_15' title='bbox 1393 375 1511 417; x_wconf 82' lang='lat' dir='ltr'>vires.</span> 
     </span>
     <span class='ocr_line' id='line_1_4' title="bbox 182 439 2067 501; baseline 0.004 -18"><span class='ocrx_word' id='word_1_16' title='bbox 182 440 259 484; x_wconf 79' lang='lat' dir='ltr'>Sed</span> <span class='ocrx_word' id='word_1_17' title='bbox 303 441 436 497; x_wconf 82' lang='lat' dir='ltr'>imago</span> <span class='ocrx_word' id='word_1_18' title='bbox 469 454 561 481; x_wconf 88' lang='lat' dir='ltr'>vere</span> <span class='ocrx_word' id='word_1_19' title='bbox 599 439 780 497; x_wconf 83' lang='lat' dir='ltr'>poetica,</span> <span class='ocrx_word' id='word_1_20' title='bbox 819 454 942 499; x_wconf 86' lang='lat' dir='ltr'>quam</span> <span class='ocrx_word' id='word_1_21' title='bbox 980 454 1063 482; x_wconf 88' lang='lat' dir='ltr'>non</span> <span class='ocrx_word' id='word_1_22' title='bbox 1095 441 1291 483; x_wconf 87' lang='lat' dir='ltr'>Saturniis</span> <span class='ocrx_word' id='word_1_23' title='bbox 1340 442 1431 485; x_wconf 90' lang='lat' dir='ltr'>Diis</span> <span class='ocrx_word' id='word_1_24' title='bbox 1469 444 1618 488; x_wconf 78' lang='lat' dir='ltr'>Noster</span> <span class='ocrx_word' id='word_1_25' title='bbox 1660 445 1802 501; x_wconf 86' lang='lat' dir='ltr'>debet,</span> <span class='ocrx_word' id='word_1_26' title='bbox 1847 459 1903 491; x_wconf 82' lang='lat' dir='ltr'>est</span> <span class='ocrx_word' id='word_1_27' title='bbox 1929 446 2067 491; x_wconf 76' lang='lat' dir='ltr'>Patria</span> 
     </span>
     <span class='ocr_line' id='line_1_5' title="bbox 180 509 1588 567; baseline 0 -13"><span class='ocrx_word' id='word_1_28' title='bbox 180 510 340 554; x_wconf 83' lang='lat' dir='ltr'>Caesari</span> <span class='ocrx_word' id='word_1_29' title='bbox 369 510 625 552; x_wconf 76' lang='lat' dir='ltr'>Rubiconem</span> <span class='ocrx_word' id='word_1_30' title='bbox 656 509 869 552; x_wconf 80' lang='lat' dir='ltr'>traiecturo</span> <span class='ocrx_word' id='word_1_31' title='bbox 897 524 1104 567; x_wconf 85' lang='lat' dir='ltr'>apparens.</span> <span class='ocrx_word' id='word_1_32' title='bbox 1165 512 1301 553; x_wconf 88' lang='lat' dir='ltr'>Locus</span> <span class='ocrx_word' id='word_1_33' title='bbox 1331 522 1389 553; x_wconf 87' lang='lat' dir='ltr'>est</span> <span class='ocrx_word' id='word_1_34' title='bbox 1417 512 1465 563; x_wconf 86' lang='grc' dir='ltr'>Ι,</span> <span class='ocrx_word' id='word_1_35' title='bbox 1499 513 1588 555; x_wconf 83' lang='lat'>185.</span> 
     </span>
    </p>

    <p class='ocr_par' dir='ltr' id='par_1_4' title="bbox 399 579 1406 637">
     <span class='ocr_line' id='line_1_6' title="bbox 399 579 1406 637; baseline 0.001 -15"><span class='ocrx_word' id='word_1_36' title='bbox 399 581 458 622; x_wconf 91' lang='lat' dir='ltr'>Ut</span> <span class='ocrx_word' id='word_1_37' title='bbox 482 592 646 622; x_wconf 82' lang='lat' dir='ltr'>ventum</span> <span class='ocrx_word' id='word_1_38' title='bbox 675 592 732 622; x_wconf 91' lang='lat' dir='ltr'>est</span> <span class='ocrx_word' id='word_1_39' title='bbox 760 580 875 637; x_wconf 85' lang='lat' dir='ltr'>parvi</span> <span class='ocrx_word' id='word_1_40' title='bbox 905 579 1135 622; x_wconf 81' lang='lat' dir='ltr'>Rubiconis</span> <span class='ocrx_word' id='word_1_41' title='bbox 1165 579 1217 622; x_wconf 91' lang='lat' dir='ltr'>ad</span> <span class='ocrx_word' id='word_1_42' title='bbox 1251 580 1406 633; x_wconf 86' lang='lat' dir='ltr'>undas,</span> 
     </span>
    </p>

    <p class='ocr_par' dir='ltr' id='par_1_5' title="bbox 395 648 1404 710">
     <span class='ocr_line' id='line_1_7' title="bbox 395 648 1404 710; baseline -0.001 -18"><span class='ocrx_word' id='word_1_43' title='bbox 395 652 542 710; x_wconf 83' lang='lat' dir='ltr'>Ingens</span> <span class='ocrx_word' id='word_1_44' title='bbox 566 652 651 695; x_wconf 86' lang='lat' dir='ltr'>visa</span> <span class='ocrx_word' id='word_1_45' title='bbox 675 651 771 694; x_wconf 90' lang='lat' dir='ltr'>duci</span> <span class='ocrx_word' id='word_1_46' title='bbox 797 651 949 709; x_wconf 84' lang='lat' dir='ltr'>patriae</span> <span class='ocrx_word' id='word_1_47' title='bbox 975 648 1210 707; x_wconf 88' lang='lat' dir='ltr'>trepidantis</span> <span class='ocrx_word' id='word_1_48' title='bbox 1243 649 1404 708; x_wconf 85' lang='lat' dir='ltr'>imago,</span> 
     </span>
    </p>

    <p class='ocr_par' dir='ltr' id='par_1_6' title="bbox 394 718 1512 776">
     <span class='ocr_line' id='line_1_8' title="bbox 394 718 1512 776; baseline -0.002 -15"><span class='ocrx_word' id='word_1_49' title='bbox 394 720 513 761; x_wconf 86' lang='lat' dir='ltr'>Clara</span> <span class='ocrx_word' id='word_1_50' title='bbox 539 734 610 776; x_wconf 89' lang='lat' dir='ltr'>per</span> <span class='ocrx_word' id='word_1_51' title='bbox 634 720 853 762; x_wconf 81' lang='lat' dir='ltr'>obscuram</span> <span class='ocrx_word' id='word_1_52' title='bbox 881 719 996 761; x_wconf 86' lang='lat' dir='ltr'>vultu</span> <span class='ocrx_word' id='word_1_53' title='bbox 1024 718 1292 760; x_wconf 89' lang='lat' dir='ltr'>moestissima</span> <span class='ocrx_word' id='word_1_54' title='bbox 1323 731 1512 772; x_wconf 74' lang='lat' dir='ltr'>noctem²</span> 
     </span>
    </p>

    <p class='ocr_par' dir='ltr' id='par_1_7' title="bbox 392 787 1366 846">
     <span class='ocr_line' id='line_1_9' title="bbox 392 787 1366 846; baseline -0.001 -16"><span class='ocrx_word' id='word_1_55' title='bbox 392 788 615 846; x_wconf 83' lang='lat' dir='ltr'>Turrigero</span> <span class='ocrx_word' id='word_1_56' title='bbox 647 802 770 830; x_wconf 85' lang='lat' dir='ltr'>canos</span> <span class='ocrx_word' id='word_1_57' title='bbox 796 787 1005 830; x_wconf 79' lang='lat' dir='ltr'>effundens</span> <span class='ocrx_word' id='word_1_58' title='bbox 1036 787 1185 828; x_wconf 85' lang='lat' dir='ltr'>vertice</span> <span class='ocrx_word' id='word_1_59' title='bbox 1214 787 1366 838; x_wconf 90' lang='lat' dir='ltr'>crines,</span> 
     </span>
    </p>

    <p class='ocr_par' dir='ltr' id='par_1_8' title="bbox 393 855 1389 913">
     <span class='ocr_line' id='line_1_10' title="bbox 393 855 1389 913; baseline -0.001 -13"><span class='ocrx_word' id='word_1_60' title='bbox 393 859 578 900; x_wconf 88' lang='lat' dir='ltr'>Caesarie</span> <span class='ocrx_word' id='word_1_61' title='bbox 603 858 759 907; x_wconf 88' lang='lat' dir='ltr'>lacera,</span> <span class='ocrx_word' id='word_1_62' title='bbox 785 855 986 913; x_wconf 87' lang='lat' dir='ltr'>nudisque</span> <span class='ocrx_word' id='word_1_63' title='bbox 1015 855 1173 898; x_wconf 82' lang='lat' dir='ltr'>adstare</span> <span class='ocrx_word' id='word_1_64' title='bbox 1207 856 1389 908; x_wconf 89' lang='lat' dir='ltr'>lacertis,</span> 
     </span>
    </p>

    <p class='ocr_par' dir='ltr' id='par_1_9' title="bbox 169 925 2066 1057">
     <span class='ocr_line' id='line_1_11' title="bbox 390 925 1004 985; baseline -0.005 -17"><span class='ocrx_word' id='word_1_65' title='bbox 390 928 444 969; x_wconf 89' lang='lat' dir='ltr'>Et</span> <span class='ocrx_word' id='word_1_66' title='bbox 464 927 616 985; x_wconf 84' lang='lat' dir='ltr'>gemitu</span> <span class='ocrx_word' id='word_1_67' title='bbox 648 926 841 984; x_wconf 81' lang='lat' dir='ltr'>permista</span> <span class='ocrx_word' id='word_1_68' title='bbox 865 925 1004 982; x_wconf 84' lang='lat' dir='ltr'>loqui!</span> 
     </span>
     <span class='ocr_line' id='line_1_12' title="bbox 169 995 2066 1057; baseline 0.001 -16"><span class='ocrx_word' id='word_1_69' title='bbox 169 1000 268 1041; x_wconf 88' lang='lat' dir='ltr'>Post</span> <span class='ocrx_word' id='word_1_70' title='bbox 305 1012 408 1055; x_wconf 88' lang='lat' dir='ltr'>quae</span> <span class='ocrx_word' id='word_1_71' title='bbox 448 1008 603 1054; x_wconf 87' lang='lat' dir='ltr'>praeter</span> <span class='ocrx_word' id='word_1_72' title='bbox 643 1011 799 1039; x_wconf 88' lang='lat' dir='ltr'>morem</span> <span class='ocrx_word' id='word_1_73' title='bbox 842 995 962 1038; x_wconf 88' lang='lat' dir='ltr'>nimis</span> <span class='ocrx_word' id='word_1_74' title='bbox 998 1010 1127 1053; x_wconf 88' lang='lat' dir='ltr'>pauca</span> <span class='ocrx_word' id='word_1_75' title='bbox 1165 1006 1304 1038; x_wconf 78' lang='lat' dir='ltr'>nostra</span> <span class='ocrx_word' id='word_1_76' title='bbox 1349 995 1567 1049; x_wconf 85' lang='lat' dir='ltr'>sententia,</span> <span class='ocrx_word' id='word_1_77' title='bbox 1596 997 1775 1041; x_wconf 85' lang='lat' dir='ltr'>Genium</span> <span class='ocrx_word' id='word_1_78' title='bbox 1812 1001 1964 1057; x_wconf 77' lang='lat' dir='ltr'>patriae</span> <span class='ocrx_word' id='word_1_79' title='bbox 2000 1003 2066 1045; x_wconf 81' lang='lat'>10-</span> 
     </span>
    </p>
   </div>
   <div class='ocr_carea' id='block_1_3' title="bbox 174 1065 1129 1178">
    <p class='ocr_par' dir='ltr' id='par_1_10' title="bbox 174 1065 1129 1178">
     <span class='ocr_line' id='line_1_13' title="bbox 174 1065 571 1126; baseline -0.008 -16"><span class='ocrx_word' id='word_1_80' title='bbox 174 1079 362 1126; x_wconf 85' lang='lat' dir='ltr'>quentem</span> <span class='ocrx_word' id='word_1_81' title='bbox 390 1065 571 1108; x_wconf 80' lang='lat' dir='ltr'>inducit:</span> 
     </span>
     <span class='ocr_line' id='line_1_14' title="bbox 669 1121 1129 1178; baseline -0.009 -15"><span class='ocrx_word' id='word_1_82' title='bbox 669 1123 766 1178; x_wconf 82' lang='lat' dir='ltr'>Quo</span> <span class='ocrx_word' id='word_1_83' title='bbox 799 1121 959 1163; x_wconf 79' lang='lat' dir='ltr'>tenditis</span> <span class='ocrx_word' id='word_1_84' title='bbox 988 1122 1129 1162; x_wconf 86' lang='lat' dir='ltr'>ultra?</span> 
     </span>
    </p>
   </div>
   <div class='ocr_carea' id='block_1_4' title="bbox 169 1176 2069 1729">
    <p class='ocr_par' dir='ltr' id='par_1_11' title="bbox 393 1176 1492 1248">
     <span class='ocr_line' id='line_1_15' title="bbox 393 1176 1492 1248; baseline 0.002 -16"><span class='ocrx_word' id='word_1_85' title='bbox 393 1191 489 1248; x_wconf 88' lang='lat' dir='ltr'>Quo</span> <span class='ocrx_word' id='word_1_86' title='bbox 512 1190 623 1233; x_wconf 88' lang='lat' dir='ltr'>fertis</span> <span class='ocrx_word' id='word_1_87' title='bbox 658 1206 747 1232; x_wconf 90' lang='lat' dir='ltr'>mea</span> <span class='ocrx_word' id='word_1_88' title='bbox 778 1191 888 1248; x_wconf 81' lang='lat' dir='ltr'>signa</span> <span class='ocrx_word' id='word_1_89' title='bbox 906 1221 917 1241; x_wconf 88' lang='lat'><strong>‚</strong></span> <span class='ocrx_word' id='word_1_90' title='bbox 948 1189 1061 1233; x_wconf 83' lang='lat' dir='ltr'>viri?</span> <span class='ocrx_word' id='word_1_91' title='bbox 1091 1188 1124 1231; x_wconf 93' lang='lat' dir='ltr'>si</span> <span class='ocrx_word' id='word_1_92' title='bbox 1150 1188 1238 1231; x_wconf 92' lang='lat' dir='ltr'>iure</span> <span class='ocrx_word' id='word_1_93' title='bbox 1265 1190 1406 1234; x_wconf 82' lang='lat' dir='ltr'>venitis</span> <span class='ocrx_word' id='word_1_94' title='bbox 1423 1221 1435 1244; x_wconf 92' lang='lat'><strong><em>‚</em></strong></span> <span class='ocrx_word' id='word_1_95' title='bbox 1488 1176 1492 1181; x_wconf 16' lang='lat' dir='ltr'>i</span> 
     </span>
    </p>

    <p class='ocr_par' dir='ltr' id='par_1_12' title="bbox 169 1258 2069 1454">
     <span class='ocr_line' id='line_1_16' title="bbox 392 1258 973 1315; baseline 0.002 -15"><span class='ocrx_word' id='word_1_96' title='bbox 392 1258 434 1300; x_wconf 93' lang='lat' dir='ltr'>Si</span> <span class='ocrx_word' id='word_1_97' title='bbox 464 1259 598 1310; x_wconf 88' lang='lat' dir='ltr'>cives,</span> <span class='ocrx_word' id='word_1_98' title='bbox 629 1258 838 1315; x_wconf 88' lang='lat' dir='ltr'>hucusque</span> <span class='ocrx_word' id='word_1_99' title='bbox 869 1258 973 1301; x_wconf 87' lang='lat' dir='ltr'>licet.</span> 
     </span>
     <span class='ocr_line' id='line_1_17' title="bbox 169 1325 2069 1385; baseline 0.004 -15"><span class='ocrx_word' id='word_1_100' title='bbox 169 1329 357 1385; x_wconf 89' lang='lat' dir='ltr'>Denique</span> <span class='ocrx_word' id='word_1_101' title='bbox 395 1327 494 1378; x_wconf 92' lang='lat' dir='ltr'>III,</span> <span class='ocrx_word' id='word_1_102' title='bbox 531 1330 627 1383; x_wconf 80' lang='lat'><strong>399.</strong></span> <span class='ocrx_word' id='word_1_103' title='bbox 675 1325 774 1368; x_wconf 90' lang='lat' dir='ltr'>dum</span> <span class='ocrx_word' id='word_1_104' title='bbox 816 1340 1015 1370; x_wconf 88' lang='lat' dir='ltr'>certamen</span> <span class='ocrx_word' id='word_1_105' title='bbox 1059 1326 1110 1369; x_wconf 93' lang='lat' dir='ltr'>ad</span> <span class='ocrx_word' id='word_1_106' title='bbox 1145 1327 1377 1370; x_wconf 76' lang='lat' dir='ltr'>Massiliam</span> <span class='ocrx_word' id='word_1_107' title='bbox 1416 1328 1602 1384; x_wconf 83' lang='lat' dir='ltr'>exponit,</span> <span class='ocrx_word' id='word_1_108' title='bbox 1635 1344 1763 1372; x_wconf 90' lang='lat' dir='ltr'>unum</span> <span class='ocrx_word' id='word_1_109' title='bbox 1812 1346 1858 1374; x_wconf 89' lang='lat' dir='ltr'>ex</span> <span class='ocrx_word' id='word_1_110' title='bbox 1900 1333 2069 1377; x_wconf 84' lang='lat' dir='ltr'>Gallicis</span> 
     </span>
     <span class='ocr_line' id='line_1_18' title="bbox 170 1394 1980 1454; baseline 0.002 -15"><span class='ocrx_word' id='word_1_111' title='bbox 170 1399 272 1441; x_wconf 88' lang='lat' dir='ltr'>lucis</span> <span class='ocrx_word' id='word_1_112' title='bbox 294 1396 497 1446; x_wconf 84' lang='lat' dir='ltr'>describit,</span> <span class='ocrx_word' id='word_1_113' title='bbox 515 1409 615 1453; x_wconf 89' lang='lat' dir='ltr'>quos</span> <span class='ocrx_word' id='word_1_114' title='bbox 636 1411 659 1437; x_wconf 93' lang='lat' dir='ltr'>a</span> <span class='ocrx_word' id='word_1_115' title='bbox 682 1396 772 1438; x_wconf 86' lang='lat' dir='ltr'>Diis</span> <span class='ocrx_word' id='word_1_116' title='bbox 788 1397 962 1440; x_wconf 88' lang='lat' dir='ltr'>habitari</span> <span class='ocrx_word' id='word_1_117' title='bbox 979 1398 1124 1439; x_wconf 86' lang='lat' dir='ltr'>harum</span> <span class='ocrx_word' id='word_1_118' title='bbox 1142 1394 1352 1453; x_wconf 86' lang='lat' dir='ltr'>regionum</span> <span class='ocrx_word' id='word_1_119' title='bbox 1371 1395 1527 1437; x_wconf 83' lang='lat' dir='ltr'>incolae</span> <span class='ocrx_word' id='word_1_120' title='bbox 1541 1396 1770 1442; x_wconf 86' lang='lat' dir='ltr'>credebant.</span> <span class='ocrx_word' id='word_1_121' title='bbox 1804 1400 1860 1445; x_wconf 88' lang='lat' dir='ltr'>V.</span> <span class='ocrx_word' id='word_1_122' title='bbox 1885 1411 1980 1454; x_wconf 80' lang='lat'><strong>402.</strong></span> 
     </span>
    </p>

    <p class='ocr_par' dir='ltr' id='par_1_13' title="bbox 391 1467 1536 1528">
     <span class='ocr_line' id='line_1_19' title="bbox 391 1467 1536 1528; baseline -0.001 -19"><span class='ocrx_word' id='word_1_123' title='bbox 391 1469 516 1509; x_wconf 91' lang='lat' dir='ltr'>Hunc</span> <span class='ocrx_word' id='word_1_124' title='bbox 545 1481 627 1528; x_wconf 68' lang='lat' dir='ltr'>non</span> <span class='ocrx_word' id='word_1_125' title='bbox 653 1467 851 1509; x_wconf 86' lang='lat' dir='ltr'>ruricolae</span> <span class='ocrx_word' id='word_1_126' title='bbox 877 1468 1006 1509; x_wconf 89' lang='lat' dir='ltr'>Panes</span> <span class='ocrx_word' id='word_1_127' title='bbox 1040 1480 1330 1522; x_wconf 86' lang='lat' dir='ltr'>nemorumque</span> <span class='ocrx_word' id='word_1_128' title='bbox 1355 1477 1536 1521; x_wconf 86' lang='lat' dir='ltr'>potentes</span> 
     </span>
    </p>

    <p class='ocr_par' dir='ltr' id='par_1_14' title="bbox 390 1534 1465 1593">
     <span class='ocr_line' id='line_1_20' title="bbox 390 1534 1465 1593; baseline -0.004 -15"><span class='ocrx_word' id='word_1_129' title='bbox 390 1535 544 1578; x_wconf 85' lang='lat' dir='ltr'>Silvani</span> <span class='ocrx_word' id='word_1_130' title='bbox 574 1536 873 1593; x_wconf 84' lang='lat' dir='ltr'>Nymphaeque</span> <span class='ocrx_word' id='word_1_131' title='bbox 900 1546 1056 1585; x_wconf 89' lang='lat' dir='ltr'>tenent,</span> <span class='ocrx_word' id='word_1_132' title='bbox 1085 1535 1155 1576; x_wconf 93' lang='lat' dir='ltr'>sed</span> <span class='ocrx_word' id='word_1_133' title='bbox 1182 1536 1356 1575; x_wconf 86' lang='lat' dir='ltr'>barbara</span> <span class='ocrx_word' id='word_1_134' title='bbox 1383 1534 1465 1575; x_wconf 89' lang='lat' dir='ltr'>ritu</span> 
     </span>
    </p>

    <p class='ocr_par' dir='ltr' id='par_1_15' title="bbox 390 1604 1433 1655">
     <span class='ocr_line' id='line_1_21' title="bbox 390 1604 1433 1655; baseline -0.001 -10"><span class='ocrx_word' id='word_1_135' title='bbox 390 1604 513 1646; x_wconf 85' lang='lat' dir='ltr'>Sacra</span> <span class='ocrx_word' id='word_1_136' title='bbox 548 1605 708 1655; x_wconf 89' lang='lat' dir='ltr'>Deum,</span> <span class='ocrx_word' id='word_1_137' title='bbox 739 1617 915 1647; x_wconf 89' lang='lat' dir='ltr'>structae</span> <span class='ocrx_word' id='word_1_138' title='bbox 941 1604 1064 1646; x_wconf 89' lang='lat' dir='ltr'>sacris</span> <span class='ocrx_word' id='word_1_139' title='bbox 1092 1605 1281 1647; x_wconf 79' lang='lat' dir='ltr'>feralibus</span> <span class='ocrx_word' id='word_1_140' title='bbox 1312 1619 1433 1653; x_wconf 83' lang='lat' dir='ltr'>arae;</span> 
     </span>
    </p>

    <p class='ocr_par' dir='ltr' id='par_1_16' title="bbox 397 1672 1617 1729">
     <span class='ocr_line' id='line_1_22' title="bbox 397 1672 1617 1729; baseline -0.002 -13"><span class='ocrx_word' id='word_1_141' title='bbox 397 1674 546 1716; x_wconf 89' lang='lat' dir='ltr'>Omnis</span> <span class='ocrx_word' id='word_1_142' title='bbox 574 1684 611 1715; x_wconf 90' lang='lat' dir='ltr'>et</span> <span class='ocrx_word' id='word_1_143' title='bbox 639 1673 827 1715; x_wconf 89' lang='lat' dir='ltr'>humanis</span> <span class='ocrx_word' id='word_1_144' title='bbox 855 1672 1023 1714; x_wconf 87' lang='lat' dir='ltr'>lustrata</span> <span class='ocrx_word' id='word_1_145' title='bbox 1052 1673 1265 1715; x_wconf 88' lang='lat' dir='ltr'>cruoribus</span> <span class='ocrx_word' id='word_1_146' title='bbox 1294 1673 1414 1714; x_wconf 89' lang='lat' dir='ltr'>arbos</span> <span class='ocrx_word' id='word_1_147' title='bbox 1444 1684 1516 1715; x_wconf 89' lang='lat' dir='ltr'>etc.</span> <span class='ocrx_word' id='word_1_148' title='bbox 1550 1677 1617 1729; x_wconf 64' lang='lat'><strong>⁴³⁴¹)</strong></span> 
     </span>
    </p>
   </div>
   <div class='ocr_carea' id='block_1_5' title="bbox 170 1767 2065 2296">
    <p class='ocr_par' dir='ltr' id='par_1_17' title="bbox 262 1767 2065 1940">
     <span class='ocr_line' id='line_1_23' title="bbox 262 1767 2065 1820; baseline 0 -13"><span class='ocrx_word' id='word_1_149' title='bbox 262 1776 306 1819; x_wconf 52' lang='grc' dir='ltr'>θ’)</span> <span class='ocrx_word' id='word_1_150' title='bbox 331 1773 403 1808; x_wconf 88' lang='lat' dir='ltr'>Hic</span> <span class='ocrx_word' id='word_1_151' title='bbox 431 1783 579 1820; x_wconf 86' lang='lat' dir='ltr'>quoque</span> <span class='ocrx_word' id='word_1_152' title='bbox 599 1769 703 1805; x_wconf 89' lang='lat' dir='ltr'>locus</span> <span class='ocrx_word' id='word_1_153' title='bbox 731 1773 956 1816; x_wconf 85' lang='lat' dir='ltr'>argumento</span> <span class='ocrx_word' id='word_1_154' title='bbox 983 1774 1041 1803; x_wconf 88' lang='lat' dir='ltr'>est</span> <span class='ocrx_word' id='word_1_155' title='bbox 1053 1767 1239 1803; x_wconf 87' lang='lat' dir='ltr'>Bacchum</span> <span class='ocrx_word' id='word_1_156' title='bbox 1263 1779 1284 1801; x_wconf 84' lang='lat' dir='ltr'>a</span> <span class='ocrx_word' id='word_1_157' title='bbox 1316 1768 1460 1813; x_wconf 89' lang='lat' dir='ltr'>poetis,</span> <span class='ocrx_word' id='word_1_158' title='bbox 1487 1769 1600 1803; x_wconf 83' lang='lat' dir='ltr'>etiam</span> <span class='ocrx_word' id='word_1_159' title='bbox 1626 1782 1712 1805; x_wconf 89' lang='lat' dir='ltr'>cum</span> <span class='ocrx_word' id='word_1_160' title='bbox 1741 1773 1873 1809; x_wconf 86' lang='lat' dir='ltr'>vinum</span> <span class='ocrx_word' id='word_1_161' title='bbox 1893 1785 1971 1811; x_wconf 81' lang='lat' dir='ltr'>non</span> <span class='ocrx_word' id='word_1_162' title='bbox 1996 1775 2065 1811; x_wconf 71' lang='lat' dir='ltr'>de-</span> 
     </span>
     <span class='ocr_line' id='line_1_24' title="bbox 330 1826 2064 1883; baseline 0.002 -15"><span class='ocrx_word' id='word_1_163' title='bbox 330 1838 551 1872; x_wconf 85' lang='lat' dir='ltr'>cantarent,</span> <span class='ocrx_word' id='word_1_164' title='bbox 576 1830 798 1867; x_wconf 86' lang='lat' dir='ltr'>invocatum</span> <span class='ocrx_word' id='word_1_165' title='bbox 827 1840 921 1865; x_wconf 81' lang='lat' dir='ltr'>esse.</span> <span class='ocrx_word' id='word_1_166' title='bbox 951 1829 1010 1864; x_wconf 78' lang='lat' dir='ltr'>Ac</span> <span class='ocrx_word' id='word_1_167' title='bbox 1035 1840 1114 1864; x_wconf 89' lang='lat' dir='ltr'>non</span> <span class='ocrx_word' id='word_1_168' title='bbox 1136 1827 1257 1864; x_wconf 87' lang='lat' dir='ltr'>solum</span> <span class='ocrx_word' id='word_1_169' title='bbox 1279 1826 1405 1862; x_wconf 88' lang='lat' dir='ltr'>laurus</span> <span class='ocrx_word' id='word_1_170' title='bbox 1437 1827 1502 1863; x_wconf 88' lang='lat' dir='ltr'>sed</span> <span class='ocrx_word' id='word_1_171' title='bbox 1530 1829 1642 1865; x_wconf 89' lang='lat' dir='ltr'>etiam</span> <span class='ocrx_word' id='word_1_172' title='bbox 1666 1831 1805 1869; x_wconf 86' lang='lat' dir='ltr'>hedera</span> <span class='ocrx_word' id='word_1_173' title='bbox 1831 1846 1914 1869; x_wconf 90' lang='lat' dir='ltr'>cum</span> <span class='ocrx_word' id='word_1_174' title='bbox 1942 1837 2064 1883; x_wconf 75' lang='lat' dir='ltr'>poetis</span> 
     </span>
     <span class='ocr_line' id='line_1_25' title="bbox 329 1888 2015 1940; baseline 0.004 -14"><span class='ocrx_word' id='word_1_175' title='bbox 329 1899 410 1926; x_wconf 81' lang='lat' dir='ltr'>tum</span> <span class='ocrx_word' id='word_1_176' title='bbox 436 1888 615 1923; x_wconf 78' lang='lat' dir='ltr'>litteratis</span> <span class='ocrx_word' id='word_1_177' title='bbox 644 1889 685 1923; x_wconf 90' lang='lat' dir='ltr'>in</span> <span class='ocrx_word' id='word_1_178' title='bbox 709 1890 936 1925; x_wconf 82' lang='lat' dir='ltr'>universum&#39;</span> <span class='ocrx_word' id='word_1_179' title='bbox 958 1890 1129 1936; x_wconf 89' lang='lat' dir='ltr'>proemio</span> <span class='ocrx_word' id='word_1_180' title='bbox 1161 1889 1299 1924; x_wconf 82' lang='lat' dir='ltr'>donata</span> <span class='ocrx_word' id='word_1_181' title='bbox 1333 1889 1420 1924; x_wconf 80' lang='lat' dir='ltr'>fuit.</span> <span class='ocrx_word' id='word_1_182' title='bbox 1454 1893 1589 1927; x_wconf 79' lang='lat' dir='ltr'>Horat.</span> <span class='ocrx_word' id='word_1_183' title='bbox 1617 1894 1776 1940; x_wconf 86' lang='lat' dir='ltr'>Epistol.</span> <span class='ocrx_word' id='word_1_184' title='bbox 1809 1898 1848 1937; x_wconf 72' lang='lat'>1,</span> <span class='ocrx_word' id='word_1_185' title='bbox 1878 1897 1925 1939; x_wconf 82' lang='lat'>8,</span> <span class='ocrx_word' id='word_1_186' title='bbox 1952 1897 2015 1933; x_wconf 72' lang='lat'>⁶23.</span> 
     </span>
    </p>

    <p class='ocr_par' dir='ltr' id='par_1_18' title="bbox 441 1948 1482 2120">
     <span class='ocr_line' id='line_1_26' title="bbox 448 1948 1355 1998; baseline -0.001 -12"><span class='ocrx_word' id='word_1_187' title='bbox 448 1952 520 1986; x_wconf 88' lang='lat' dir='ltr'>Seu</span> <span class='ocrx_word' id='word_1_188' title='bbox 541 1949 709 1998; x_wconf 87' lang='lat' dir='ltr'>linguam</span> <span class='ocrx_word' id='word_1_189' title='bbox 735 1950 855 1987; x_wconf 83' lang='lat' dir='ltr'>causis</span> <span class='ocrx_word' id='word_1_190' title='bbox 881 1950 981 1986; x_wconf 87' lang='lat' dir='ltr'>acuis</span> <span class='ocrx_word' id='word_1_191' title='bbox 995 1977 1006 1995; x_wconf 91' lang='lat'>‚</span> <span class='ocrx_word' id='word_1_192' title='bbox 1036 1962 1101 1986; x_wconf 89' lang='lat' dir='ltr'>seu</span> <span class='ocrx_word' id='word_1_193' title='bbox 1127 1949 1247 1986; x_wconf 82' lang='lat' dir='ltr'>civica</span> <span class='ocrx_word' id='word_1_194' title='bbox 1271 1948 1355 1985; x_wconf 85' lang='lat' dir='ltr'>iura</span> 
     </span>
     <span class='ocr_line' id='line_1_27' title="bbox 441 2010 1482 2058; baseline 0.003 -13"><span class='ocrx_word' id='word_1_195' title='bbox 441 2011 687 2058; x_wconf 78' lang='lat' dir='ltr'>Respondete</span> <span class='ocrx_word' id='word_1_196' title='bbox 719 2023 851 2058; x_wconf 80' lang='lat' dir='ltr'>paras,</span> <span class='ocrx_word' id='word_1_197' title='bbox 880 2023 946 2046; x_wconf 91' lang='lat' dir='ltr'>seu</span> <span class='ocrx_word' id='word_1_198' title='bbox 974 2010 1101 2046; x_wconf 90' lang='lat' dir='ltr'>condis</span> <span class='ocrx_word' id='word_1_199' title='bbox 1123 2010 1281 2046; x_wconf 86' lang='lat' dir='ltr'>amabile</span> <span class='ocrx_word' id='word_1_200' title='bbox 1309 2022 1482 2056; x_wconf 90' lang='lat' dir='ltr'>carmen,</span> 
     </span>
     <span class='ocr_line' id='line_1_28' title="bbox 444 2069 1292 2120; baseline 0.001 -14"><span class='ocrx_word' id='word_1_201' title='bbox 444 2070 568 2107; x_wconf 87' lang='lat' dir='ltr'>Prima</span> <span class='ocrx_word' id='word_1_202' title='bbox 598 2069 696 2107; x_wconf 87' lang='lat' dir='ltr'>feres</span> <span class='ocrx_word' id='word_1_203' title='bbox 724 2069 884 2107; x_wconf 86' lang='lat' dir='ltr'>hederae</span> <span class='ocrx_word' id='word_1_204' title='bbox 915 2069 1085 2108; x_wconf 83' lang='lat' dir='ltr'>victricis</span> <span class='ocrx_word' id='word_1_205' title='bbox 1109 2070 1292 2120; x_wconf 85' lang='lat' dir='ltr'>praemia.</span> 
     </span>
    </p>

    <p class='ocr_par' dir='ltr' id='par_1_19' title="bbox 170 2132 1309 2296">
     <span class='ocr_line' id='line_1_29' title="bbox 170 2132 1067 2174; baseline -0.001 -8"><span class='ocrx_word' id='word_1_206' title='bbox 170 2139 206 2166; x_wconf 83' lang='lat' dir='ltr'>et</span> <span class='ocrx_word' id='word_1_207' title='bbox 236 2132 360 2165; x_wconf 81' lang='lat' dir='ltr'>Carm.</span> <span class='ocrx_word' id='word_1_208' title='bbox 382 2133 426 2173; x_wconf 87' lang='grc' dir='ltr'>Ι,</span> <span class='ocrx_word' id='word_1_209' title='bbox 454 2133 498 2174; x_wconf 88' lang='grc'>1,</span> <span class='ocrx_word' id='word_1_210' title='bbox 521 2133 580 2166; x_wconf 76' lang='lat'>29.</span> <span class='ocrx_word' id='word_1_211' title='bbox 1063 2138 1067 2141; x_wconf 82' lang='lat'><em>&#39;</em></span> 
     </span>
     <span class='ocr_line' id='line_1_30' title="bbox 445 2187 1309 2240; baseline 0.003 -14"><span class='ocrx_word' id='word_1_212' title='bbox 445 2191 508 2226; x_wconf 79' lang='lat' dir='ltr'>Me</span> <span class='ocrx_word' id='word_1_213' title='bbox 532 2189 726 2227; x_wconf 88' lang='lat' dir='ltr'>doctarum</span> <span class='ocrx_word' id='word_1_214' title='bbox 754 2187 916 2227; x_wconf 88' lang='lat' dir='ltr'>hederae</span> <span class='ocrx_word' id='word_1_215' title='bbox 936 2191 1104 2240; x_wconf 88' lang='lat' dir='ltr'>praemia</span> <span class='ocrx_word' id='word_1_216' title='bbox 1125 2190 1309 2230; x_wconf 85' lang='lat' dir='ltr'>frontium</span> 
     </span>
     <span class='ocr_line' id='line_1_31' title="bbox 444 2251 882 2296; baseline -0.002 -12"><span class='ocrx_word' id='word_1_217' title='bbox 444 2253 512 2285; x_wconf 88' lang='lat' dir='ltr'>Dis</span> <span class='ocrx_word' id='word_1_218' title='bbox 536 2253 695 2285; x_wconf 87' lang='lat' dir='ltr'>miscent</span> <span class='ocrx_word' id='word_1_219' title='bbox 724 2251 882 2296; x_wconf 86' lang='lat' dir='ltr'>superis.</span> 
     </span>
    </p>
   </div>
   <div class='ocr_carea' id='block_1_6' title="bbox 174 2307 649 2352">
    <p class='ocr_par' dir='ltr' id='par_1_20' title="bbox 174 2307 649 2352">
     <span class='ocr_line' id='line_1_32' title="bbox 174 2307 649 2352; baseline -0.008 -1"><span class='ocrx_word' id='word_1_220' title='bbox 174 2316 238 2351; x_wconf 77' lang='lat' dir='ltr'>nbi</span> <span class='ocrx_word' id='word_1_221' title='bbox 263 2313 348 2352; x_wconf 83' lang='lat' dir='ltr'>vide</span> <span class='ocrx_word' id='word_1_222' title='bbox 370 2307 649 2349; x_wconf 81' lang='lat' dir='ltr'>Mitscherlich.</span> 
     </span>
    </p>
   </div>
   <div class='ocr_carea' id='block_1_7' title="bbox 237 2382 2069 2497">
    <p class='ocr_par' dir='ltr' id='par_1_21' title="bbox 237 2382 2069 2497">
     <span class='ocr_line' id='line_1_33' title="bbox 237 2382 2068 2438; baseline -0.001 -13"><span class='ocrx_word' id='word_1_223' title='bbox 237 2392 301 2436; x_wconf 59' lang='grc' dir='ltr'>Μ)</span> <span class='ocrx_word' id='word_1_224' title='bbox 329 2392 414 2438; x_wconf 88' lang='lat' dir='ltr'>Ipse</span> <span class='ocrx_word' id='word_1_225' title='bbox 438 2390 572 2425; x_wconf 85' lang='lat' dir='ltr'>Caesar</span> <span class='ocrx_word' id='word_1_226' title='bbox 598 2383 692 2422; x_wconf 84' lang='lat' dir='ltr'>Bell.</span> <span class='ocrx_word' id='word_1_227' title='bbox 735 2382 833 2420; x_wconf 82' lang='lat' dir='ltr'>Gall.</span> <span class='ocrx_word' id='word_1_228' title='bbox 862 2383 946 2429; x_wconf 83' lang='lat' dir='ltr'>VI,</span> <span class='ocrx_word' id='word_1_229' title='bbox 971 2384 1027 2421; x_wconf 86' lang='lat'>16.</span> <span class='ocrx_word' id='word_1_230' title='bbox 1079 2384 1224 2429; x_wconf 74' lang='lat' dir='ltr'>„Natio</span> <span class='ocrx_word' id='word_1_231' title='bbox 1253 2388 1311 2421; x_wconf 84' lang='lat' dir='ltr'>est</span> <span class='ocrx_word' id='word_1_232' title='bbox 1336 2383 1459 2420; x_wconf 86' lang='lat' dir='ltr'>omnis</span> <span class='ocrx_word' id='word_1_233' title='bbox 1484 2384 1681 2421; x_wconf 84' lang='lat' dir='ltr'>Gallorum</span> <span class='ocrx_word' id='word_1_234' title='bbox 1711 2384 1914 2422; x_wconf 81' lang='lat' dir='ltr'>admodum</span> <span class='ocrx_word' id='word_1_235' title='bbox 1942 2386 2068 2424; x_wconf 82' lang='lat' dir='ltr'>dedita</span> 
     </span>
     <span class='ocr_line' id='line_1_34' title="bbox 332 2444 2069 2497; baseline 0 -12"><span class='ocrx_word' id='word_1_236' title='bbox 332 2448 606 2497; x_wconf 77' lang='lat' dir='ltr'>religionibus:</span> <span class='ocrx_word' id='word_1_237' title='bbox 638 2453 750 2495; x_wconf 82' lang='lat' dir='ltr'>atque</span> <span class='ocrx_word' id='word_1_238' title='bbox 777 2444 825 2481; x_wconf 84' lang='lat' dir='ltr'>ob</span> <span class='ocrx_word' id='word_1_239' title='bbox 864 2455 946 2480; x_wconf 82' lang='lat' dir='ltr'>eam</span> <span class='ocrx_word' id='word_1_240' title='bbox 984 2455 1133 2482; x_wconf 81' lang='lat' dir='ltr'>causam</span> <span class='ocrx_word' id='word_1_241' title='bbox 1160 2471 1172 2490; x_wconf 92' lang='lat'><em>,</em></span> <span class='ocrx_word' id='word_1_242' title='bbox 1213 2445 1278 2492; x_wconf 73' lang='lat' dir='ltr'>qui</span> <span class='ocrx_word' id='word_1_243' title='bbox 1315 2451 1404 2481; x_wconf 76' lang='lat' dir='ltr'>eunt</span> <span class='ocrx_word' id='word_1_244' title='bbox 1448 2444 1590 2483; x_wconf 71' lang='lat' dir='ltr'>affectiv</span> <span class='ocrx_word' id='word_1_245' title='bbox 1617 2445 1860 2494; x_wconf 75' lang='lat' dir='ltr'>gravioribus</span> <span class='ocrx_word' id='word_1_246' title='bbox 1900 2447 2069 2494; x_wconf 78' lang='lat' dir='ltr'>morbis,</span> 
     </span>
    </p>
   </div>
   <div class='ocr_carea' id='block_1_8' title="bbox 1849 2506 1922 2554">
    <p class='ocr_par' dir='ltr' id='par_1_22' title="bbox 1849 2506 1922 2554">
     <span class='ocr_line' id='line_1_35' title="bbox 1849 2506 1922 2554; baseline 0.055 -4"><span class='ocrx_word' id='word_1_247' title='bbox 1849 2506 1878 2550; x_wconf 74' lang='lat' dir='ltr'>‘a&#39;</span> <span class='ocrx_word' id='word_1_248' title='bbox 1909 2537 1922 2554; x_wconf 84' lang='grc'><strong>.</strong></span> 
     </span>
    </p>
   </div>
  </div>
 </body>
</html>
