2337 3088
1056 240 1095 293 2(
1150 240 1209 282 ‘50
1259 240 1379 302 Χ,

221 345 322 399 Vt,
345 342 428 400 595
449 355 487 385 et
510 355 621 398 seqq.
655 340 773 389 VII,
807 350 975 395 7-445
1010 337 1113 381 ibid.
1138 342 1333 394 47-503
1381 340 1480 384 ibid.
1519 357 1558 384 v.
1591 347 1674 399 597
1698 359 1736 389 et
1759 360 1870 405 seqq.
1900 348 2043 400 vm,
2069 359 2117 401 41

225 431 267 462 et
298 429 437 472 seqq.;
484 407 585 453 ibid.
616 423 656 452 v.
700 409 784 466 609
818 421 858 457 et
897 424 1006 468 seqq.
1029 425 1053 459 3.
1081 409 1163 454 663
1209 419 1419 467 et--seqq.;
1471 410 1713 466 ,795-8ρ6,
1733 431 1748 465 5
1779 415 1892 469 831.
1938 428 1979 469 μ
2017 430 2124 474 seqq,

224 487 320 535 11,
355 478 588 539 1043-46..
628 479 707 532 X,
738 480 813 534 146
843 493 887 528 et1
919 495 1028 539 seqq.
1084 474 1205 523 'Haec
1248 490 1380 528 tamen
1423 477 1497 520 ita.
1527 493 1764 536 comparata
1806 495 1927 540 sunt,
1966 497 2013 529 ut
2046 501 2128 536 una

226 556 468 614 plerumque
503 549 700 591 sententia
721 574 734 601 5
774 564 878 592 unus
926 551 1046 590 etiam
1081 561 1198 602 saepe
1242 559 1409 597 versus,
1451 548 1739 588 sententiarum
1784 565 1877 592 raro
1922 553 2038 595 series
2068 553 2132 593 vel

220 622 401 669 candore
425 619 492 662 vel
529 617 759 677 granditate
789 619 852 660 vel
879 616 956 668 alia
983 616 1161 675 quadam
1191 616 1340 661 virtute
1367 617 1550 663 emineat.
1612 618 1944 678 Investigationis
1970 633 2131 667 nostrae

222 695 305 737 iam
335 689 548 743 absolutae
571 702 730 730 summa
761 686 893 742 capita
921 687 1062 728 lectori
1092 701 1200 729 nunc
1230 688 1463 738 offeramus,

302 784 339 825 Ι.
371 780 606 832 Pharsalia,
640 778 770 835 qualis
795 777 918 819 hodie
941 778 1253 830 circumfertur,
1278 795 1361 821 non
1394 793 1451 822 est
1477 779 1679 836 perfecta;
1712 790 1753 821 at
1779 794 1928 822 novem
1949 783 2120 838 priores

223 854 320 897 libri
350 867 422 910 per
447 865 490 893 se
521 863 669 906 corpus
694 847 906 905 quoddam
931 849 1117 890 efficiunt.

301 945 361 986 11.
394 941 576 985 Materia
599 955 747 983 novem
773 939 931 982 horum
948 940 1151 981 librorum
1167 969 1179 990 ‚
1203 939 1288 981 sive
1310 954 1398 992 res,
1425 939 1511 982 sive
1547 929 1704 996 tempus
1734 953 1875 983 eorum
1919 939 2088 984 intueris
2113 970 2124 991 ,

220 1031 315 1060 cum
340 1015 388 1056 iis
407 1044 419 1065 ‚
453 1026 558 1070 quae
571 1011 712 1069 poesis
736 1011 850 1068 epica
875 1010 1080 1068 postulat,
1120 1010 1323 1067 congruit.

301 1105 389 1149 ΙΙΙ.
422 1093 726 1162 Argumentum
756 1102 987 1182 Pharsaliae
1020 1112 1079 1145 est
1109 1104 1321 1159 imperium
1350 1097 1529 1143 hominis
1553 1099 1726 1158 imperio
1752 1103 1886 1159 legum
1917 1104 2117 1162 potentius

220 1176 389 1220 factum

301 1260 385 1302 IV.
420 1258 489 1300 Ob
517 1255 729 1311 religiones
756 1253 908 1312 priscas
932 1254 973 1296 in
998 1256 1179 1305 carmine
1204 1253 1373 1298 omissas
1394 1249 1561 1294 laudem
1584 1251 1719 1309 potius
1741 1267 1883 1311 quam
1901 1252 2109 1314 vitupera-

218 1329 368 1372 tionem
396 1293 817 1370 Ltncanus”mere111r
896 1329 899 1334 '
1360 1331 1366 1337 ⁸

299 1410 360 1454 V.
392 1410 548 1451 Heroes
577 1406 834 1458 Pharsaliae,
862 1408 1012 1449 incerte
1035 1422 1082 1449 ac
1105 1408 1210 1449 male
1233 1419 1329 1450 sunt
1362 1406 1569 1449 delineati.

299 1494 380 1538 VI.
414 1493 479 1533 De
505 1486 666 1532 dicendi
693 1504 837 1549 genere
864 1491 961 1531 haec
997 1492 1226 1533 statuimus.

410 1580 456 1629 α)
488 1575 570 1635 Vel
596 1589 693 1615 cum
720 1573 818 1614 alias
847 1588 1039 1628 personas
1063 1575 1272 1631 loquentes
1305 1574 1495 1616 Lucanus
1520 1571 1704 1623 inducit,
1732 1585 1855 1627 poeta
1890 1587 2046 1632 semper
2077 1589 2113 1619 et

496 1645 677 1701 artifex,
703 1653 743 1684 at
766 1656 859 1684 raro
890 1641 950 1694 is,
982 1643 1053 1701 qui
1087 1659 1240 1702 magna
1265 1655 1414 1696 sonat,
1448 1639 1773 1700 deprehenditur.

413 1738 458 1791 b)
487 1734 664 1779 Dicendi
689 1733 822 1792 generi
846 1733 889 1775 in
923 1734 1159 1778 universum
1185 1736 1478 1780 sententiarum
1501 1733 1695 1776 luciditas.
1729 1744 1767 1775 et
1800 1734 1992 1778 mollities
2020 1750 2115 1779 ver-

494 1805 644 1845 borum
671 1803 794 1845 deest.
1945 1801 1947 1803 ¹

405 1875 446 1928 c)
475 1873 527 1915 In
557 1872 790 1915 narratione
818 1873 970 1917 Noster
991 1872 1233 1933 languidus,
1263 1874 1307 1917 in
1333 1873 1585 1918 orationibus
1616 1873 1722 1916 iusto
1744 1872 1844 1930 ‘plus
1872 1872 2044 1932 longus,
2072 1875 2115 1918 in

488 1942 754 1999 descriptione
782 1958 930 2000 parum
957 1957 1199 1997 accuratus,
1231 1944 1275 1986 in
1314 1934 1687 2001 comparationibus
1718 1943 1818 1984 novi
1853 1955 2041 2001 appetens
2074 1958 2116 1988 at

493 2024 577 2052 non
606 2025 769 2068 semper
802 2025 935 2055 verus.

404 2097 446 2147 d)
483 2093 561 2137 Vel
589 2093 632 2134 in
659 2095 911 2137 orationihus
934 2109 1017 2138 non
1041 2097 1297 2148 oratoribus,
1324 2109 1370 2140 ut
1390 2096 1440 2138 de
1460 2108 1544 2139 tota
1566 2096 1724 2138 Lucani
1746 2110 1868 2152 opera
1892 2090 1947 2137 ait
1971 2094 2111 2151 Quin-

487 2162 678 2215 tilianus‚
711 2163 782 2211 sed
808 2164 1039 2207 rhetoribus
1068 2166 1203 2222 potius
1244 2167 1308 2209 vel
1342 2166 1531 2223 sophistis
1561 2160 1889 2210 annumerandus
1933 2177 2007 2208 est.

398 2249 437 2300 e)
466 2246 694 2288 Sententiae
714 2244 919 2289 interdum
951 2248 1016 2291 vel
1046 2262 1185 2293 versus
1212 2248 1361 2310 singuli
1372 2256 1513 2301 ,totus
1535 2255 1630 2292 raro
1657 2250 1946 2293 sententiarum
1974 2243 2102 2299 ordo,

485 2313 713 2356 virtutibus
741 2313 853 2356 nitet.

216 2415 237 2452 χ
291 2393 370 2453 His
406 2398 625 2450 absolutis,
666 2411 915 2442 transeamus
959 2399 1012 2442 ad
1051 2416 1122 2452 ea,
1169 2417 1273 2465 quae
1317 2402 1424 2446 hanc
1470 2401 1548 2444 de
1564 2403 1733 2445 Lucano
1788 2386 2103 2461 disputationem

207 2450 495 2508 adluxerunt.
535 2467 588 2507 In
616 2467 875 2509 bibliotheca
894 2480 1034 2510 nostra
1059 2469 1211 2512 scilicet
1236 2469 1417 2513 latebant
1443 2476 1577 2531 'partes
1611 2468 1843 2522 Pharsaliae
1866 2497 1879 2521 ‚
1910 2481 2010 2525 quas
2044 2467 2110 2514 Cl
