2337 3088
989 254 1029 308 )(
1096 253 1144 298 15
1203 253 1240 308 >C

171 350 321 394 Verbis
362 351 491 391 enim:
547 354 644 395 bella
684 369 756 410 pet·
800 355 1010 397 Emathios
1055 371 1219 410 campos
1274 355 1426 413 aliquid
1470 354 1650 412 ambigui
1689 353 1790 394 inest
1819 356 1859 407 ἰ)
1920 368 2069 410 eaque,

174 438 269 463 cum
296 438 459 463 carmen
489 421 761 480 imperfectum
790 423 863 474 sit,
891 423 940 465 de
971 422 1135 465 duobus
1168 425 1286 474 bellis
1312 442 1335 466 a
1371 426 1536 466 Lucano
1567 423 1757 466 canendis
1790 423 1975 464 nonnulli
2005 424 2067 471 in-⁴

169 494 378 550 terpretati
408 503 515 533 sunt.
572 491 727 532 Deinde
747 492 993 533 locutionem
1016 497 1108 548 plus
1137 508 1262 548 quam
1298 494 1432 534 civilia
1471 492 1511 531 in
1543 493 1788 548 expositione
1820 495 2068 550 argumenti,

174 563 243 604 ubi
269 578 339 604 sua
376 561 520 619 cuique
545 562 636 604 voci
676 574 783 604 certa
819 574 856 605 et
891 562 1103 620 perspicua
1139 563 1200 606 vis
1242 576 1326 604 esse
1365 560 1631 621 debet,.quis
1672 568 1847 623 probet?
1884 566 1949 608 De
1990 566 2066 610 hac

171 632 226 672 ita
256 630 515 673 Hermannus
547 630 817 678 Commentat.
847 631 896 673 de
925 643 1022 690 trag.
1057 644 1095 675 et
1120 646 1181 690 ep.
1207 646 1314 689 poes.
1344 646 1436 688 pag.
1470 644 1567 688 209.
1603 634 1715 689 „Qui
1750 636 1879 683 dixit:

388 723 498 764 Bella
531 739 600 782 per
629 723 838 765 Eniathios
862 728 955 782 plus·
983 712 1106 781 quem
1134 726 1269 767 civilia
1306 735 1496 781 campos,

170 817 269 858 nihil
298 817 397 858 dixit
440 818 656 872 poeticum.
719 816 966 873 Quanquam
1010 817 1118 857 enim
1157 817 1247 873 plus
1288 832 1411 873 quam
1460 818 1596 859 civilia
1636 820 1741 860 bella
1784 821 2071 877 intelligimus,

172 900 274 941 quae
298 886 460 941 gravius
487 883 682 938 quiddam
712 896 749 924 et
770 885 945 925 atrocius
971 896 1064 926 sunt
1080 914 1092 935 ,
1119 900 1243 941 quam
1268 886 1399 926 civilia
1417 918 1427 937 ‚
1451 904 1533 930 non
1557 890 1755 931 habemus
1777 902 1909 932 tamen
1937 889 2070 945 qualia

169 969 211 995 ea
252 968 334 995 esse
372 952 581 1000 dicamus,
615 952 707 1008 quia
738 951 836 1009 quid
869 968 949 994 non
974 952 1078 1006 sint,
1108 970 1188 997 non
1218 956 1317 1014 quid
1350 959 1459 1010 sint,
1492 961 1657 1004 indicat.
1705 960 1817 1017 Quid
1850 961 1967 1003 vellet
2004 960 2071 1001 in-

169 1022 317 1077 telligi,
347 1020 467 1075 paulo
500 1032 590 1075 post
619 1020 742 1061 dixit:
773 1033 1048 1078 cognatasque
1074 1026 1206 1075 acies,
1238 1024 1351 1081 qnod
1370 1026 1512 1068 melius
1538 1028 1705 1069 fortasse
1729 1040 1765 1070 et
1784 1029 1936 1070 maiore
1972 1043 2067 1071 cum

168 1090 208 1130 vi
242 1089 737 1145 dixisset‚sraternasque
765 1095 918 1133 acies.“
976 1093 1038 1133 At
1077 1093 1117 1133 in
1142 1107 1305 1149 quoquc
1336 1109 1464 1151 prope
1498 1096 1610 1137 bello
1645 1098 1756 1138 civili
1789 1099 1980 1154 eognati,
2006 1099 2071 1139 in-

170 1159 329 1201 terdum
356 1159 474 1202 etiam
502 1160 870 1219 fraternibmiliteffi
904 1163 944 1204 in
970 1177 1016 1204 se
1048 1174 1191 1205 mutuo
1223 1162 1432 1207 dimicant.
1493 1164 1559 1207 De
1600 1180 1683 1224 quo
1715 1165 1778 1208 Cf.
1809 1165 2070 1208 Burmannus

170 1229 221 1268 ad
258 1229 364 1270 hunc
386 1231 461 1272 loc.
513 1232 623 1291 Ergo
647 1234 751 1274 hanc
789 1234 842 1273 ob
870 1246 1034 1273 causam
1069 1232 1111 1272 id
1146 1233 1298 1273 bellum
1320 1262 1331 1284 ,
1363 1237 1579 1292 plusquam
1624 1238 1736 1276 cIvile
1769 1234 1832 1275 vel
1865 1236 2071 1292 prioribus

170 1305 349 1341 civilibus
381 1305 489 1343 bellis
520 1309 674 1344 saevius
703 1303 784 1345 dici
816 1318 897 1343 non
922 1305 1069 1358 potuit.
1129 1303 1353 1359 Equidem,
1388 1304 1436 1344 iis
1455 1335 1466 1354 ‚
1499 1319 1602 1360 quae
1636 1306 1897 1346 Burmannus
1940 1317 1976 1346 et
2001 1306 2069 1345 Ie·-

170 1383 286 1411 verns
317 1368 521 1429 disputant
554 1369 768 1428 inspectis,
800 1385 884 1412 rem
912 1371 968 1414 sic
1000 1386 1171 1431 expono.
1233 1373 1283 1415 In
1313 1372 1391 1417 hoc
1418 1372 1525 1415 bello
1546 1388 1631 1417 non
1659 1372 1785 1418 modo
1808 1373 1916 1418 cives
1947 1371 2068 1417 divisi

172 1454 212 1481 se
245 1441 443 1490 invicem,
476 1453 519 1482 ut
542 1443 615 1490 fit,
642 1443 868 1497 opprimere
894 1444 1080 1494 student,
1112 1443 1179 1483 sed
1214 1441 1325 1499 quod
1352 1440 1519 1498 gravius
1550 1453 1634 1491 est,
1665 1441 1814 1483 Caesar
1845 1441 2068 1481 libertatem

169 1520 205 1550 et
233 1509 446 1565 imperium
474 1509 607 1567 legum
640 1523 814 1553 evertere
847 1525 1029 1555 conatur.
1090 1512 1164 1554 Est
1190 1511 1310 1570 igitur
1345 1509 1425 1551 hoc
1454 1509 1607 1550 bellum
1639 1513 1729 1568 plus
1771 1527 1893 1567 quam
1926 1513 2067 1559 civile)

171 1578 255 1619 imo
290 1590 348 1620 est
371 1578 577 1622 dimicatio
603 1579 705 1621 inter
733 1580 840 1624 cives
863 1582 1010 1625 liberos
1037 1593 1074 1624 et
1105 1596 1198 1623 eum
1236 1579 1306 1638 qui
1340 1577 1595 1637 tyrannidem
1634 1578 1677 1621 in
1703 1593 1770 1623 eos
1796 1579 1966 1626 affectat.
2000 1582 2070 1632 As:

167 1648 271 1689 belle
302 1648 377 1689 hac
408 1650 730 1705 interpretatione
755 1651 972 1692 cohaerent
1001 1665 1166 1693 versus:

390 1716 500 1759 Bella
531 1732 601 1775 per
628 1717 838 1760 Emathios
861 1722 952 1776 plus
979 1735 1101 1777 quam
1133 1720 1268 1765 civilia
1293 1731 1459 1776 campos
1476 1747 1490 1771 ,

174 1800 211 1830 et
237 1801 354 1829 voces
374 1803 382 1827 :

171 1858 313 1914 iusque
345 1856 484 1898 datum
511 1860 647 1900 sceleri
675 1858 882 1909 canimus,

264 2015 298 2054 ³¹)
331 2014 498 2048 Vocem:
523 2010 621 2046 bella
645 2010 705 2046 vel
731 2010 776 2045 de
806 2022 881 2046 uno
908 2012 1054 2059 proelio
1078 2011 1151 2047 dici
1178 2024 1288 2060 posse
1319 2011 1455 2048 docent
1481 2013 1625 2049 Lucani
1658 2013 1741 2051 vn
1754 2038 1765 2058 ‚
1797 2011 1881 2050 533.

494 2071 564 2107 Sed
583 2071 668 2107 hinc
694 2072 832 2119 iugulis
848 2100 859 2117 ‚
887 2073 974 2110 hine
1001 2073 1103 2109 ferro
1136 2073 1217 2118 bella
1245 2079 1445 2121 geruntur.

330 2131 428 2170 IbicL
457 2132 538 2170 543.
568 2135 655 2169 Non
682 2132 759 2170 illic
782 2146 917 2182 regum
946 2133 1096 2173 auxiliis
1127 2133 1285 2171 collecta
1315 2133 1493 2176 iuventus

495 2192 593 2226 Bella
621 2192 737 2238 gerit.

283 2252 424 2289 Eodem
449 2266 561 2290 sensu
588 2260 810 2302 usurpatum
837 2268 917 2291 esse
941 2256 1093 2293 videtur
1119 2256 1211 2294 ibid.
1237 2269 1277 2293 V.
1308 2258 1391 2294 526.

285 2313 514 2360 Praecipites
543 2313 667 2349 fecere
701 2314 848 2361 palam,
879 2315 1005 2351 civilia
1032 2315 1129 2351 bella

289 2376 376 2409 Non
409 2372 505 2409 bene
537 2373 739 2410 barbaricis
778 2387 942 2423 unquam
984 2377 1183 2413 commissa
1212 2374 1392 2413 catervis.

286 2433 359 2469 Vel
380 2435 409 2469 si
433 2447 585 2471 carmen
612 2435 837 2473 absolvisset
862 2440 1055 2483 Lucanus,
1084 2435 1379 2485 vituperandum
1411 2441 1510 2473 esset
1535 2435 1607 2475 hoc
1633 2439 1809 2485 initium,
1835 2451 1921 2477 curn
1940 2439 2063 2477 lecto-

284 2505 366 2532 rem
385 2506 433 2533 ex
462 2495 647 2544 principio
672 2496 754 2546 ipso
781 2496 840 2544 id,
871 2498 972 2548 quod
997 2504 1111 2548 poeta
1145 2497 1358 2538 describere
1387 2496 1458 2536 sihi
1482 2506 1697 2549 proponat,
1716 2499 1848 2542 videre
1876 2514 1971 2552 opus
1997 2502 2059 2544 sit·
