2337 3088
1021 234 1063 286 )(
1120 235 1174 278 28
1239 236 1280 310 Χ

203 361 227 373 ··-
283 342 415 398 Igitur
444 341 561 380 etiam
587 340 632 378 -in
667 336 952 387 orationibus,
987 347 1245 393 nequaquam
1287 349 1332 379 ut
1373 336 1424 393 de
1468 338 1628 381 Nostro
1665 346 1706 387 in
1763 343 2002 386 unsversum
2049 341 2110 384 ast

202 408 507 468 Quintilianus,
545 404 777 449 oratoribus
821 404 895 448 sed
940 405 1077 463 potius
1116 404 1354 448 rhetoribus
1386 405 1450 449 vel
1485 406 1677 465 sophistis
1713 411 1923 456 rhetoricis
1968 407 2105 453 annu·

201 476 414 517 merendus
446 487 541 519 est..

282 575 334 615 In
364 573 571 618 narrando
613 578 769 619 lentam*
808 588 845 617 et
874 575 1017 615 duram
1060 574 1201 613 Nostri
1232 572 1427 615 rationem
1446 572 1617 631 ‘intueri'
1644 577 1713 633 qui
1752 572 1867 629 v'nlt,
1901 580 2104 621 decimum

198 648 354 688 librum.
382 646 617 688 Pharsaliae
640 647 784 695 adeat,
818 645 857 685 in
886 659 968 701 quo
1000 643 1167 686 Catonis
1204 645 1279 687 iter
1312 660 1381 701 per
1412 644 1582 687 Africae
1611 644 1861 705 desertas-et
1883 649 2104 709 inhospitas

197 716 377 774 regiones
421 715 677 757 describitur.
739 715 912 763 Lector,
957 714 1026 771 qui
1068 714 1163 754 certi
1203 711 1302 771 quid
1344 726 1380 756 et
1417 714 1619 772 perspicui
1663 714 1712 754 de
1755 715 1847 758 satis
1889 708 2104 761 Catoniani

198 786 396 827 exercitus
425 787 627 842 percipere
650 781 792 843 gestit,
818 785 880 826 vel
910 785 1099 826 inanibus
1131 800 1257 841 usque
1284 784 1461 840 pascitur
1490 781 1789 827 vel'dimi'diam
1816 786 1872 827 rei
1891 800 1929 829 et
1951 789 2104 830 obscu-

198 871 285 899 ram
323 870 478 914 semper
519 855 739 912 imaginem
776 855 914 901 habet,
969 855 1012 895 A
1044 865 1192 912 poeta,
1237 855 1306 911 qui
1343 865 1423 896 tam
1466 852 1599 896 ieiuno
1641 866 1678 897 et
1705 856 1786 897 tam
1828 871 1972 915 parum
2011 870 2104 915 per-

197 928 341 983 spicuo
396 926 594 967 narrandi
640 940 782 983 genere
832 927 983 975 utitur,
1032 936 1148 966 certe·
1180 924 1359 979 episodia
1417 937 1499 964 non
1545 924 1833 968 desiderantur.
1892 928 2112 969 Nonnulla-

192 1008 328 1044 Jamen
366 996 436 1038 sed
475 1011 622 1054 parum
662 994 830 1037 feliciter
876 990 1068 1043 inseruit,
1103 1006 1280 1049 quorum
1308 993 1502 1044 ¹Marciae
1543 1007 1644 1035 cum>
1677 994 1806 1038 Bruto
1851 996 2111 1040 connubium

199 1066 412 1125 quomodo
443 1081 539 1108 cum
573 1065 714 1107 ceteris
748 1063 983 1112 cohaereat,
1013 1060 1208 1118 equidem
1234 1072 1323 1100 non·
1351 1059 1483 1102 video.

284 1158 350 1198 De
379 1159 534 1200 Lucani
580 1156 690 1215 poesi
733 1156 777 1196 in
821 1155 1058 1195 universum
1106 1151 1307 1192 monenda
1350 1152 1449 1192 haec
1482 1164 1708 1209 supersunt.
1767 1152 2032 1207 Carminium,
2068 1157 2102 1198 si

196 1229 406 1284 scriptoris
437 1243 601 1282 operam
641 1225 897 1274 consideras,
920 1223 1030 1264 varia
1061 1234 1154 1264 sunt
1181 1237 1337 1277 genera.
1402 1222 1499 1263 Alia
1533 1223 1590 1276 sic
1615 1236 1757 1278 sponte
1778 1225 1932 1275 fluunt,
1956 1228 2098 1278 rebus,

196 1309 241 1339 ut
272 1295 356 1337 fieri
387 1295 546 1345 solent,
578 1293 813 1350 descriptis,
845 1304 888 1333 ut
916 1292 980 1332 vix
1007 1291 1134 1332 ullum
1164 1291 1338 1341 am'ficis
1363 1300 1397 1329 et
1422 1285 1628 1345 scripioris
1653 1291 1865 1348 vestigium
1893 1307 2094 1350 appareat.

195 1367 295 1408 Huc
320 1365 421 1407 refer
444 1377 585 1406 cantus
610 1363 867 1404 Homericos.
900 1362 951 1402 In
975 1361 1062 1402 aliis
1086 1364 1280 1415 scriptor,
1304 1372 1447 1414 nempe
1469 1358 1522 1408 is,
1546 1363 1617 1415 qui
1641 1374 1794 1403 certum
1825 1365 1865 1404 in
1885 1366 2010 1416 finem
2035 1381 2098 1406 res

198 1438 403 1490 disponit,
435 1432 581 1490 partim
614 1430 894 1488 conspicitur3
919 1441 1017 1487 puta
1042 1429 1330 1471 Romanorum
1357 1438 1396 1469 et
1422 1426 1815 1488 Cltartaginiensium
1838 1431 1941 1472 bella
1969 1445 2098 1476 morte

192 1504 372 1544 Didonis
401 1502 443 1541 in
477 1501 659 1542 Aeneide
701 1511 856 1555 parata.
917 1499 991 1538 Ad
1023 1498 1184 1537 tertium
1217 1510 1340 1551 genus
1380 1496 1579 1550 perti-nent
1607 1499 1814 1548 carmina,
1856 1501 1898 1541 in
1943 1504 2090 1558 quibus

194 1576 339 1628 ubique
371 1583 490 1628 poeta
530 1570 795 1627 perspicitur,
833 1581 870 1610 et
922 1582 1007 1615 res,
1045 1566 1158 1622 quasi
1229 1562 1440 1605 divinioris
1481 1577 1519 1607 et
1571 1565 1723 1608 altioris
1774 1569 1915 1611 mentis
1965 1571 2091 1625 soret,

193 1643 368 1698 scriptor
392 1639 557 1696 exponit
580 1650 617 1680 et
639 1637 801 1680 iudicat.
834 1637 950 1692 Quae
972 1636 1072 1675 ratio
1094 1633 1268 1674 multum
1291 1634 1535 1675 difficultatis
1564 1634 1681 1675 habet
1731 1635 1773 1676 Si
1795 1635 1900 1677 enirn
1924 1639 2014 1680 trita
2043 1656 2091 1682 ἃς

195 1709 377 1765 vulgaria
416 1706 586 1754 lectori,
627 1706 694 1760 qui
744 1704 947 1759 praeclara
986 1713 1203 1757 expectat,
1244 1714 1555 1759 proponuntur,
1601 1703 1807 1742 fastidium
1858 1706 1964 1754 cius,
2012 1723 2096 1749 non

192 1777 355 1821 miratio
398 1775 640 1817 movebitur.
687 1773 783 1815 Hoc
812 1786 1005 1829 magnum
1036 1770 1191 1812 Lucani
1226 1770 1369 1813 vitium
1397 1783 1453 1814 est
1468 1803 1488 1823 ,.
1505 1772 1621 1829 quod
1644 1786 1760 1830 poeta
1787 1773 2022 1833 plerumque
2053 1790 2095 1822 at

191 1859 286 1886 raro
316 1845 376 1895 is,
402 1845 467 1886 cui
492 1857 602 1885 mens
624 1843 803 1885 divinior
825 1842 901 1890 sit,
934 1842 974 1880 in
998 1839 1155 1893 scriptis
1184 1839 1267 1879 eius
1299 1840 1623 1894 deprehenditur.
1682 1838 1813 1881 Tertii
1849 1843 1968 1884 huius
2001 1858 2096 1886 car-

192 1916 350 1955 minum
388 1915 541 1969 generis
568 1914 686 1955 liceat
720 1911 838 1953 nobis
876 1909 1018 1951 afferre
1050 1907 1275 1963 exemplum
1305 1921 1444 1965 poetae
1470 1908 1577 1950 illius
1595 1940 1606 1959 ,
1635 1910 1704 1966 qui
1737 1923 1774 1952 et
1802 1910 1951 1955 fidibus
1975 1914 2097 1957 fortes

192 1981 397 2023 modulari
433 1992 573 2022 cantus
614 1992 649 2021 et
692 1978 829 2038 gladio
870 1977 1036 2019 sicarios
1080 1975 1333 2015 Graecorum
1364 1988 1509 2017 terrere
1548 1978 1678 2019 scivit.
1740 1977 1875 2021 Locus
1911 1992 1968 2022 est
2003 1995 2096 2022 car-

191 2053 342 2103 minis,
376 2050 488 2107 quod
522 2049 753 2090 inscribitur
791 2049 855 2089 the
883 2062 954 2104 age
985 2047 1030 2087 of
1066 2045 1224 2086 Bronze
1253 2049 1302 2098 ⁴¹)
1355 2047 1517 2103 Stroph.
1548 2048 1633 2088 111.
1664 2048 1731 2089 Ibi
1772 2048 1822 2090 de
1857 2051 2099 2109 Napoleone

191 2136 309 2178 quem
357 2132 443 2161 tum
492 2118 574 2159 suis
623 2117 859 2158 custodibus
902 2126 1117 2169 rapuerant
1167 2114 1244 2155 fata
1264 2145 1281 2165 ,«
1317 2115 1468 2158 mentio
1504 2128 1574 2159 est.
1633 2117 1778 2160 Latine
1817 2134 1954 2178 versus
2003 2123 2102 2165 illos·

191 2191 382 2234 sublimes
420 2203 495 2246 pro
534 2187 691 2231 viribus
737 2182 989 2242 interpretari
1022 2183 1233 2226 conabor:
1589 2188 1594 2193 '

290 2357 326 2396 ⁴¹¹)
353 2357 431 2389 Hos
459 2367 591 2390 versus
620 2367 698 2390 non
725 2367 771 2389 ex
807 2353 915 2400 epico
953 2352 1120 2387 carmine
1150 2350 1367 2398 desunwptos
1400 2363 1481 2386 esse
1518 2348 1620 2386 nihss·
1648 2351 1693 2387 ad
1717 2365 1796 2389 rem
1829 2355 1945 2399 facit,
1975 2355 2048 2392 sed‘
2066 2359 2097 2393 si

357 2427 508 2450 carmen
538 2429 694 2453 narrans
724 2422 761 2451 et
790 2413 1006 2464 describens¹
1029 2410 1205 2459 exemplo
1236 2423 1316 2454 esse
1347 2411 1478 2457 malis,
1499 2412 1539 2448 in
1562 2414 1728 2452 carmine
1754 2414 1856 2465 quod
1874 2414 2094 2455 inscribitur

358 2474 487 2510 ChilJe
514 2476 656 2511 Harold
688 2476 828 2513 similes
853 2473 954 2509 haud
979 2473 1182 2510 difficulter
1208 2475 1311 2510 locos
1337 2476 1519 2523 reperies.
