2337 3088
1053 191 1096 244 )(
1154 190 1302 243 24)(

669 293 790 334 Tunc
813 293 1019 351 Magnum
1049 294 1232 335 concitus
1256 289 1385 332 aufert

445 365 490 405 A
515 362 623 403 bello
654 361 840 418 sonipes,
867 373 950 401 non
983 372 1097 417 tergo
1129 359 1204 401 tela
1230 371 1453 417 paventem.

308 434 498 474 Alterum
523 432 682 473 Lucani
705 431 852 473 vitium
884 442 943 472 est
970 430 1101 470 inanis
1143 428 1419 479 abundantia,
1453 441 1556 484 quae
1583 428 1805 484 sophistam
1845 432 1908 473 vel
1938 431 2120 473 rabulam

223 501 347 558 magis
391 514 516 558 quam
555 510 743 558 poetam,
780 498 895 542 cuius
924 514 969 541 os
1010 515 1189 558 magna,
1233 514 1316 541 non
1354 500 1504 548 multa,
1546 511 1689 539 sonare
1726 512 1828 556 opus
1865 513 1947 551 est,
1988 500 2117 543 refert.

221 570 462 626 Exemplum
492 570 657 626 praebet
686 569 801 611 locus
834 569 874 609 in
900 583 983 626 quo
1009 569 1224 610 Caesarem
1254 568 1478 611 describere
1521 566 1653 609 studet
1694 567 1739 618 I,
1775 579 1866 621 144.
1902 570 2122 628 Postquam

218 640 325 681 euim
354 638 450 681 satis
473 639 746 697 significanter
770 637 871 679 dixit
893 652 902 678 :

665 707 743 749 Sed
770 707 903 748 nescia
927 706 1058 750 virtus

430 776 545 820 Stare
577 777 695 819 loco:
727 777 918 834 solusque
945 777 1081 833 pudor
1115 791 1198 818 non
1228 779 1388 819 vincere
1419 777 1536 818 bello.

441 848 553 889 Acer
586 858 624 889 et
649 845 899 898 indomitus,
930 861 1012 904 quo
1038 861 1125 904 spes
1144 877 1156 898 ,
1190 860 1351 905 quoque
1380 846 1437 887 ira
1472 859 1710 897 vocasset‚.

425 918 549 959 Ferre
576 932 742 958 manum
760 949 774 967 ‚
807 929 845 958 et
873 931 1083 973 nunquam
1114 917 1348 957 temerando
1375 931 1539 973 parcere
1565 917 1683 959 ferro.

219 989 372 1032 Omnia
401 987 584 1029 versibus
621 985 709 1037 his,
743 983 850 1027 idem
882 985 962 1026 sere
986 986 1255 1038 sonantibus,
1288 985 1408 1028 eluit:

403 1100 408 1107 ‚
440 1058 661 1098 Successus
696 1069 865 1113 urguere
886 1069 980 1096 suos
997 1085 1008 1105 ,
1044 1055 1193 1101 instare
1220 1054 1348 1095 favori

438 1125 633 1168 Numinis
653 1155 665 1175 ‚
691 1123 898 1179 impellens
922 1123 1123 1180 quidquid
1146 1126 1224 1165 sibi
1248 1140 1406 1165 summa
1443 1126 1591 1181 petenti

439 1195 661 1244 obstaret,
687 1191 948 1251 gaudensque
973 1193 1083 1234 viam
1111 1192 1249 1236 fecisse
1280 1194 1413 1241 ruina.

215 1266 374 1306 Eodem
405 1265 505 1306 viiio
534 1264 724 1304 laborant
752 1263 802 1311 Ι,
832 1273 897 1313 24.

437 1336 648 1378 Semirutis
671 1334 843 1390 pendent
872 1333 983 1387 quod
1011 1333 1172 1374 moenia
1204 1333 1321 1375 tectis

213 1392 291 1431 Et:
927 1430 933 1434 ,
1005 1440 1013 1448 ι

439 1444 661 1502 Lapsisque
693 1446 875 1502 ingentia
908 1456 1036 1483 muris

435 1517 549 1554 Saxa
583 1519 731 1555 iacent.

213 1583 384 1641 Quibus»
408 1582 441 1625 si
473 1597 556 1623 non
593 1580 729 1631 idem,
758 1592 865 1622 certe
905 1581 1007 1622 nihil
1037 1594 1191 1621 novum
1217 1591 1335 1636 poeta
1367 1579 1486 1632 dicit,
1515 1596 1608 1622 cum
1626 1613 1636 1627 ,
1663 1583 1694 1622 si
1721 1583 1919 1638 pendeant
1957 1585 2114 1625 moenia

211 1655 238 1697 i,
271 1668 302 1693 e.
332 1652 481 1708 partim
513 1650 648 1690 diruta
674 1650 777 1700 sint,
805 1650 861 1690 nil
893 1651 1042 1689 mirum
1081 1663 1175 1689 saxa
1208 1648 1386 1705 ingentia
1425 1647 1533 1690 iuxta
1566 1650 1695 1692 iacere
1723 1656 1773 1706 ').
1833 1653 1950 1694 Haec
1990 1652 2114 1702 vitia,

304 1751 342 1793 ²52)
372 1753 595 1797 Quanquam
611 1753 785 1786 Lucanus
803 1763 880 1786 non
901 1751 953 1785 sic
977 1750 1102 1786 omnia
1115 1776 1126 1793 ,
1147 1755 1188 1783 ut
1211 1748 1370 1784 Ovidius
1389 1750 1561 1798 recoquit
1575 1778 1585 1795 ,
1602 1763 1724 1798 neque
1741 1751 1839 1799 apud
1862 1765 1948 1787 eum
1966 1766 2112 1797 versus,

372 1808 501 1857 quales
529 1808 664 1844 nobilis
693 1810 754 1844 ille
775 1823 783 1830 ·

491 1871 626 1905 Omnia
649 1878 788 1918 pontus
817 1878 951 1914 erant,
981 1869 1138 1905 deerant
1161 1883 1311 1918 quoque
1340 1871 1470 1905 littora
1496 1877 1614 1918 ponto
1631 1898 1642 1914 ‚

373 1928 481 1976 plura
509 1938 634 1964 tamen
658 1930 715 1965 sic
734 1929 935 1974 diffundit,
968 1937 1010 1965 ut
1035 1929 1129 1964 nihil
1150 1929 1310 1975 lectori,
1330 1930 1375 1967 de
1404 1943 1479 1979 quo
1507 1932 1648 1978 cogitet
1668 1930 1870 1980 relinquat.
1895 1934 1953 1970 Ac
1970 1936 2114 1972 Fronto

369 1989 417 2024 de
447 1991 617 2025 oration.
652 2003 689 2037 p.
722 1993 806 2028 250.
832 1991 892 2028 eal.
918 1991 1059 2028 laudat.
1088 1991 1136 2026 ob
1169 1991 1374 2027 verbosum
1407 1993 1646 2040 prooemium
1682 1997 1835 2030 Lucano
1864 2007 2111 2033 succensens:

372 2052 560 2097 „Annace
587 2051 669 2099 quis
695 2048 779 2085 finis
809 2050 908 2087 erit?
935 2053 1014 2086 Aut
1044 2053 1075 2088 si
1110 2054 1234 2091 nullus
1267 2054 1352 2092 finis
1380 2070 1507 2106 neque
1539 2057 1671 2093 modus
1706 2058 1910 2095 servandus
1937 2069 2016 2105 est,
2034 2043 2113 2096 *cur

369 2126 446 2147 non
474 2111 577 2147 addis
597 2118 635 2145 ct
659 2111 800 2163 similes
824 2111 937 2146 lituos
958 2112 971 2145 ἲ·
998 2112 1123 2147 Addas
1144 2114 1232 2150 licet
1246 2122 1285 2150 et
1306 2118 1471 2150 carmina
1494 2125 1584 2152 nota
1604 2119 1803 2161 tubarum,
1833 2119 1896 2154 sed
1914 2127 1953 2155 et
1975 2121 2111 2156 loricas

367 2179 412 2207 et·
451 2183 568 2207 conos
611 2176 653 2205 et
679 2181 789 2206 enses
830 2176 867 2204 et
897 2168 1043 2207 balteos
1084 2180 1122 2208 et
1175 2165 1327 2212 omnem
1369 2189 1560 2213 armorum
1603 2179 1899 2227 suppellectilem
1937 2194 2112 2230 sequere.

370 2233 475 2269 Idem
502 2231 548 2267 ‹le
582 2231 620 2266 id
643 2242 769 2278 genus
795 2232 1043 2277 scriptoribus
1066 2246 1104 2281 p.
1137 2237 1221 2271 247.
1272 2237 1470 2280 „Primum
1491 2236 1584 2271 illud
1616 2239 1654 2272 in
1690 2239 1762 2273 isto
1788 2251 1928 2287 genere
1964 2239 2114 2276 dicen-Ji

371 2293 508 2330 vitium
531 2292 794 2341 turpissimum
824 2292 925 2342 quod
951 2293 1109 2332 eandem
1147 2298 1374 2334 sententiam
1415 2298 1577 2334 milliens
1606 2298 1679 2334 alio
1711 2305 1823 2348 atque
1862 2300 1936 2337 alio
1972 2303 2112 2339 amictu

369 2354 538 2390 indutam
565 2354 785 2390 referunt‚“
808 2356 855 2388 Et
884 2354 1010 2403 paullo
1038 2355 1212 2394 inferius.
1264 2359 1353 2401 „Ita
1389 2356 1452 2392 isti
1485 2369 1598 2393 unam
1624 2358 1855 2410 eandemque
1889 2364 2115 2402 sententiam

370 2416 600 2452 multimodis
628 2416 769 2452 fuciunt
785 2445 795 2460 ,
823 2416 1035 2460 ventilant,
1059 2425 1317 2462 commutant,
1346 2425 1575 2453 convertunt
1591 2446 1602 2464 ,
1622 2420 1751 2459 eadem
1775 2421 1910 2459 lacinia
1935 2425 2111 2469 salutant,

369 2472 551 2509 refricant
581 2476 727 2524 saepius
747 2481 856 2525 quam
889 2473 1037 2525 puellae
1067 2475 1286 2512 olfactoriae
1316 2477 1490 2514 su‹.·iua.“
