2337 3088
1023 224 1064 278 )(
1122 234 1179 267 ²0
1234 225 1277 278 )(

205 332 334 375 Nunc
365 330 417 373 ad
448 341 633 372 naturam
661 337 699 368 et
731 324 913 367 indolem
940 323 1111 366 heroum
1134 323 1176 365 in
1202 322 1381 364 carmine
1411 323 1527 381 epico
1548 326 1814 384 significatam
1841 337 2097 371 transeamus.

288 423 340 464 In
365 421 472 477 poesi
494 419 605 475 epica
631 428 724 459 ante
749 416 888 459 omnia
915 412 1237 466 incumbendum
1255 443 1267 465 ‚
1293 425 1339 456 ut
1360 414 1469 465 viri,
1495 416 1568 473 qui
1593 416 1636 458 in
1658 433 1705 460 ea
1731 410 2040 469 describuntur,
2066 426 2105 458 et

206 502 392 549 generose
427 498 550 545 agant
586 498 625 528 et
663 486 743 529 sibi
780 497 978 529 constent.
1037 486 1151 526 Ante
1185 483 1284 525 alios
1325 482 1435 540 apud
1478 485 1710 527 Homerum
1756 490 2000 546 conspicuus
2040 487 2107 529 ille

204 558 388 601 Achilles
416 555 609 598 omnibus
632 567 670 597 ct
698 553 882 612 corporis
909 566 947 596 et
975 553 1124 603 animi,
1148 564 1196 594 ‚ut
1229 563 1316 595 tum
1352 564 1535 611 tempora
1568 567 1708 608 erant,
1739 558 1958 600 virtutibus
1984 570 2106 615 prae-

205 640 325 671 stans.
358 627 438 670 Sua
467 626 662 669 Menelao
681 656 694 677 ,
719 640 791 667 sua
815 623 1150 682 Agamemnoni,
1180 637 1255 666 sua
1288 623 1378 666 aliis
1417 623 1608 667 heroibus
1641 636 1750 667 certa
1783 637 1842 668 est
1883 638 2028 669 natura
2069 636 2106 666 et

205 694 374 738 indoles.
407 696 459 737 ln
486 697 622 738 Turni
651 695 787 738 indole
817 692 1057 737 delineanda
1092 692 1215 743 satis,
1247 692 1291 735 in
1319 695 1461 737 Aenea
1501 691 1750 753 designando
1779 696 1912 737 minus
1941 696 2108 737 feliciter

204 764 406 822 Virgilius
424 777 604 807 versatus
626 777 694 806 est.
711 766 773 805 At
793 765 951 807 excellit
976 765 1018 806 in
1039 764 1245 806 Mezentio
1268 763 1364 814 illo,
1380 762 1499 805 deum
1524 775 1822 821 contemptore,
1838 764 2104 822 depingendo,

205 847 327 891 quem
361 833 416 876 ita
443 833 618 876 ostendit
645 844 690 874 ut
719 832 865 874 intueri
897 844 1017 885 e'um,
1042 848 1126 875 non
1154 832 1204 874 de
1237 846 1284 876 eo
1320 832 1460 875 audire
1486 835 1563 877 sibi
1591 834 1717 877 lector
1749 833 1946 881 videatur,
1979 834 2104 892 Quod

205 918 301 945 cum
324 903 424 959 epici
440 914 579 958 poetae
597 913 683 944 tum
705 903 908 945 narrantis
927 903 968 945 in
995 904 1228 945 universnm
1250 904 1456 960 scriptoris
1474 910 1679 948 summum
1695 905 1879 963 elogium.
1898 904 2106 945 Praestan-

205 970 367 1012 tissimis
403 983 499 1010 sane
533 969 664 1026 poesis
692 970 884 1026 antiquae
915 970 1016 1010 locis
1047 972 1345 1012 annumerandi
1385 985 1480 1014 sunt
1509 988 1647 1015 versus
1668 972 1830 1015 Aeneid
1855 974 1929 1024 X,
1956 973 2052 1016 855.

426 1062 553 1102 Nunc
580 1061 677 1101 vivo
695 1062 714 1118 l·
735 1075 867 1116 neque
894 1060 1029 1103 adhuc
1057 1064 1240 1105 homines
1265 1065 1479 1121 lucemque
1505 1067 1716 1123 relinquo!

431 1129 510 1171 Sed
536 1129 735 1186 linquam.
797 1129 928 1172 Simul
955 1131 1034 1174 hoc
1061 1132 1200 1175 dicens
1226 1133 1386 1177 adtollit
1416 1135 1458 1177 in
1490 1150 1657 1193 aegrum

428 1198 481 1240 Se
505 1199 636 1240 femur
651 1216 664 1248 ;
690 1211 758 1250 et,
793 1214 1027 1257 quanquam
1054 1200 1115 1242 vis
1144 1201 1226 1243 alto
1258 1202 1422 1245 volnere
1450 1203 1583 1247 tardat
1603 1235 1615 1254 ‚

427 1267 557 1310 Haud
580 1267 757 1310 deiectus
775 1297 788 1319 ‚
818 1283 970 1325 equum
999 1269 1094 1310 duci
1128 1270 1250 1311 iubet.
1282 1271 1378 1313 Hoc
1407 1271 1530 1314 decus
1555 1274 1645 1324 illi,
1671 1285 1744 1317 etc.
1778 1275 1822 1328 ⁴¹)

1694 1370 1707 1386 ἢ

367 1407 508 1455 quique
531 1407 571 1441 in
599 1403 749 1453 praeliis
770 1403 1024 1452 periculisque
1054 1412 1281 1451 versantur,
1310 1415 1375 1443 aut
1392 1421 1463 1456 pro
1487 1408 1654 1445 victimis
1681 1407 1852 1444 homines
1880 1406 2099 1453 immolant,

367 1475 432 1503 aut
455 1480 494 1503 se
517 1465 782 1501 immolaturos
811 1471 958 1500 vovent
992 1465 1297 1514 administrisque
1325 1468 1372 1503 ad
1408 1480 1451 1505 ea
1481 1468 1665 1505 sacrificia
1695 1468 1890 1504 druidibus
1921 1476 2103 1510 utuntur;

366 1526 468 1576 quod
491 1539 561 1576 pro
585 1526 668 1564 vita
705 1524 895 1568 hominis,
917 1524 990 1559 nisi
1017 1525 1098 1561 vita
1131 1524 1294 1562 hominis
1327 1526 1529 1573 reddatur,
1557 1541 1634 1565 non
1665 1541 1775 1577 posse
1797 1528 1907 1565 aliter
1935 1531 2106 1565 Deorum

363 1587 641 1624 immortalium
664 1589 808 1622 num'en
835 1584 976 1632 placari
1007 1585 1286 1622 arbitrantur.“

300 1674 341 1716 ⁴²¹)
368 1671 440 1706 Hic
458 1670 562 1706 locus
589 1670 631 1706 vi
663 1669 899 1716 potissimum
936 1680 980 1703 ac
1014 1670 1205 1715 gravitate
1238 1676 1427 1717 praestat,
1444 1672 1628 1707 Romanis
1657 1684 1776 1717 vere,
1806 1673 1890 1709 sive
1922 1679 2099 1720 gentem,

368 1733 450 1768 sive
474 1742 687 1767 sermonem
715 1736 887 1777 specteS,
930 1728 1151 1766 virtutibus.
1204 1732 1256 1765 Ut
1286 1731 1480 1769 Iuvenalis
1506 1734 1655 1782 pulcras
1690 1741 1727 1771 et
1758 1746 1913 1783 prorsus
1942 1734 2104 1783 tragicas

366 1791 499 1826 satiras
526 1791 721 1833 omittam,
746 1790 808 1825 vel
835 1789 935 1837 apud
948 1781 1159 1824 horatium
1192 1793 1507 1838 praestantissimi
1533 1794 1608 1831 loci
1630 1802 1717 1832 sunt
1743 1795 1794 1839 ii,
1824 1795 1888 1843 qui
1914 1795 2105 1843 gravitate

368 1858 406 1888 et
434 1850 572 1887 robore
599 1849 760 1900 quodam
789 1851 985 1899 conspicui
1009 1858 1111 1887 sunt.
1164 1852 1215 1887 Ut
1238 1852 1315 1888 Sat.
1349 1855 1390 1898 Ι,
1418 1853 1519 1897 &38-

486 1915 594 1948 Tune
618 1914 727 1960 Syri,
755 1915 924 1957 Damae,
956 1920 1021 1949 aut
1047 1913 1208 1959 Dionysi
1238 1910 1362 1957 filius,
1395 1913 1510 1950 audes

482 1973 658 2009 Deiicere
689 1987 710 2009 e
736 1986 827 2010 saxo
857 1974 987 2018 cives,
1014 1982 1078 2010 aut
1103 1975 1253 2011 tradere
1279 1973 1450 2010 Cadmo?

299 2038 346 2072 Et
372 2036 481 2076 Satir.
513 2038 578 2078 ΙΙ,
607 2038 650 2078 2,
684 2035 765 2070 103.

457 2095 463 2101 “
491 2096 568 2131 Cur
599 2101 684 2143 eget
709 2093 888 2141 indignus
921 2093 1117 2143 quisquam
1134 2123 1144 2140 ,
1174 2102 1211 2132 te
1239 2094 1390 2132 divite?
1416 2107 1532 2145 quare

487 2156 646 2204 Templa
670 2162 787 2189 ruunt
812 2151 967 2202 antiqua
991 2158 1113 2189 Deum
1134 2156 1147 2189 ?
1197 2158 1297 2200 Cur,
1327 2157 1518 2203 improbe,
1546 2169 1656 2193 carae

481 2220 572 2253 Non
597 2214 738 2264 aliquid
762 2215 907 2262 patriae
933 2223 1042 2252 tanto
1066 2217 1235 2253 emetiris
1260 2218 1430 2254 acervo?

298 2280 346 2311 Et
366 2278 485 2325 Epist.
510 2279 551 2320 Ι,
581 2277 650 2319 16,
677 2276 749 2309 73:

485 2336 558 2374 Vir
586 2334 708 2371 bonus
732 2343 769 2372 et
797 2337 945 2383 sapiens
969 2336 1120 2373 audebit
1151 2336 1299 2373 dicere:
1328 2336 1498 2372 Pentheu
1518 2364 1530 2382 ,

486 2399 632 2433 Rector
660 2395 875 2434 Thebarum
891 2423 900 2441 ,
930 2396 1022 2445 quid
1049 2406 1111 2434 me
1139 2398 1312 2447 perferre
1333 2397 1490 2447 patique

489 2457 690 2505 Indignum
717 2458 863 2507 coges?
888 2465 965 2496 etc·

2253 216 2337 379 ἢ
