<?xml version="1.0" encoding="UTF-8"?>
<!DOCTYPE html PUBLIC "-//W3C//DTD XHTML 1.0 Transitional//EN"
    "http://www.w3.org/TR/xhtml1/DTD/xhtml1-transitional.dtd">
<html xmlns="http://www.w3.org/1999/xhtml" xml:lang="en" lang="en">
 <head>
  <title>
</title>
<meta http-equiv="Content-Type" content="text/html;charset=utf-8" />
  <meta name='ocr-system' content='tesseract 3.04.00' />
  <meta name='ocr-capabilities' content='ocr_page ocr_carea ocr_par ocr_line ocrx_word'/>
</head>
<body>
  <div class='ocr_page' id='page_1' title='image "./4774685_0029.png"; bbox 0 0 2337 3088; ppageno 0'>
   <div class='ocr_carea' id='block_1_1' title="bbox 1034 195 1282 252">
    <p class='ocr_par' dir='ltr' id='par_1_1' title="bbox 1034 195 1282 252">
     <span class='ocr_line' id='line_1_1' title="bbox 1034 195 1282 252; baseline 0.008 -2"><span class='ocrx_word' id='word_1_1' title='bbox 1034 195 1075 250; x_wconf 69' lang='lat' dir='ltr'>J(</span> <span class='ocrx_word' id='word_1_2' title='bbox 1131 209 1181 240; x_wconf 84' lang='lat'>21</span> <span class='ocrx_word' id='word_1_3' title='bbox 1240 196 1282 252; x_wconf 88' lang='grc'>)(</span> 
     </span>
    </p>
   </div>
   <div class='ocr_carea' id='block_1_2' title="bbox 209 295 2108 912">
    <p class='ocr_par' dir='ltr' id='par_1_2' title="bbox 209 295 2108 912">
     <span class='ocr_line' id='line_1_2' title="bbox 214 295 2103 357; baseline -0.002 -12"><span class='ocrx_word' id='word_1_4' title='bbox 214 303 328 345; x_wconf 85' lang='lat' dir='ltr'>Inter</span> <span class='ocrx_word' id='word_1_5' title='bbox 370 298 608 342; x_wconf 72' lang='lat' dir='ltr'><strong>recentiores</strong></span> <span class='ocrx_word' id='word_1_6' title='bbox 646 311 771 357; x_wconf 84' lang='lat' dir='ltr'>quam</span> <span class='ocrx_word' id='word_1_7' title='bbox 809 296 940 349; x_wconf 80' lang='lat' dir='ltr'>helie,</span> <span class='ocrx_word' id='word_1_8' title='bbox 978 311 1102 355; x_wconf 83' lang='lat' dir='ltr'>quam</span> <span class='ocrx_word' id='word_1_9' title='bbox 1139 295 1275 339; x_wconf 85' lang='lat' dir='ltr'>vivide</span> <span class='ocrx_word' id='word_1_10' title='bbox 1299 296 1461 341; x_wconf 87' lang='lat' dir='ltr'>lectoris</span> <span class='ocrx_word' id='word_1_11' title='bbox 1502 296 1666 355; x_wconf 80' lang='lat' dir='ltr'>ingenio</span> <span class='ocrx_word' id='word_1_12' title='bbox 1696 309 1793 340; x_wconf 77' lang='lat' dir='ltr'>suos</span> <span class='ocrx_word' id='word_1_13' title='bbox 1821 298 1961 338; x_wconf 86' lang='lat' dir='ltr'>heroes</span> <span class='ocrx_word' id='word_1_14' title='bbox 1990 299 2103 341; x_wconf 71' lang='lat' dir='ltr'>offert</span> 
     </span>
     <span class='ocr_line' id='line_1_3' title="bbox 213 360 2108 429; baseline -0.004 -16"><span class='ocrx_word' id='word_1_15' title='bbox 213 372 342 413; x_wconf 77' lang='lat' dir='ltr'>Italus</span> <span class='ocrx_word' id='word_1_16' title='bbox 377 371 443 412; x_wconf 83' lang='lat' dir='ltr'>ille</span> <span class='ocrx_word' id='word_1_17' title='bbox 465 383 581 428; x_wconf 86' lang='lat' dir='ltr'>poeta</span> <span class='ocrx_word' id='word_1_18' title='bbox 595 400 606 422; x_wconf 95' lang='lat'>,</span> <span class='ocrx_word' id='word_1_19' title='bbox 634 371 703 429; x_wconf 89' lang='lat' dir='ltr'>qui</span> <span class='ocrx_word' id='word_1_20' title='bbox 724 360 857 414; x_wconf 84' lang='lat' dir='ltr'>latinis</span> <span class='ocrx_word' id='word_1_21' title='bbox 879 371 961 412; x_wconf 83' lang='lat' dir='ltr'>fere</span> <span class='ocrx_word' id='word_1_22' title='bbox 979 368 1113 412; x_wconf 77' lang='lat' dir='ltr'>verbis</span> <span class='ocrx_word' id='word_1_23' title='bbox 1136 366 1275 412; x_wconf 76' lang='lat' dir='ltr'>Parme</span> <span class='ocrx_word' id='word_1_24' title='bbox 1301 370 1457 423; x_wconf 67' lang='lat' dir='ltr'>picto-ve</span> <span class='ocrx_word' id='word_1_25' title='bbox 1469 377 1606 408; x_wconf 80' lang='lat' dir='ltr'>cantat</span> <span class='ocrx_word' id='word_1_26' title='bbox 1632 378 1753 424; x_wconf 80' lang='lat' dir='ltr'>atque</span> <span class='ocrx_word' id='word_1_27' title='bbox 1786 381 1811 408; x_wconf 88' lang='lat' dir='ltr'>a</span> <span class='ocrx_word' id='word_1_28' title='bbox 1836 365 2108 407; x_wconf 76' lang='lat' dir='ltr'>barbarorum</span> 
     </span>
     <span class='ocr_line' id='line_1_4' title="bbox 213 433 2105 498; baseline -0.004 -16"><span class='ocrx_word' id='word_1_29' title='bbox 213 439 366 483; x_wconf 75' lang='lat' dir='ltr'>ditione</span> <span class='ocrx_word' id='word_1_30' title='bbox 391 440 606 483; x_wconf 86' lang='lat' dir='ltr'>liberatum</span> <span class='ocrx_word' id='word_1_31' title='bbox 626 443 656 483; x_wconf 85' lang='lat' dir='ltr'>il</span> <span class='ocrx_word' id='word_1_32' title='bbox 676 456 780 498; x_wconf 82' lang='lat' dir='ltr'>gran</span> <span class='ocrx_word' id='word_1_33' title='bbox 801 442 978 495; x_wconf 77' lang='lat' dir='ltr'>sepolcro</span> <span class='ocrx_word' id='word_1_34' title='bbox 1005 440 1050 480; x_wconf 78' lang='lat' dir='ltr'>di</span> <span class='ocrx_word' id='word_1_35' title='bbox 1071 436 1218 479; x_wconf 65' lang='lat' dir='ltr'>Criuo.</span> <span class='ocrx_word' id='word_1_36' title='bbox 1246 433 1452 477; x_wconf 86' lang='lat' dir='ltr'>Omnibus</span> <span class='ocrx_word' id='word_1_37' title='bbox 1474 433 1531 476; x_wconf 86' lang='lat' dir='ltr'>ibi</span> <span class='ocrx_word' id='word_1_38' title='bbox 1550 434 1794 493; x_wconf 81' lang='lat' dir='ltr'>imaginibus</span> <span class='ocrx_word' id='word_1_39' title='bbox 1819 446 1858 478; x_wconf 91' lang='lat' dir='ltr'>et</span> <span class='ocrx_word' id='word_1_40' title='bbox 1885 434 2021 479; x_wconf 80' lang='lat' dir='ltr'>verbis</span> <span class='ocrx_word' id='word_1_41' title='bbox 2044 433 2105 476; x_wconf 83' lang='lat' dir='ltr'>vis</span> 
     </span>
     <span class='ocr_line' id='line_1_5' title="bbox 210 501 2105 567; baseline -0.004 -16"><span class='ocrx_word' id='word_1_42' title='bbox 210 507 408 566; x_wconf 84' lang='lat' dir='ltr'><strong>quaedam</strong></span> <span class='ocrx_word' id='word_1_43' title='bbox 431 509 584 567; x_wconf 83' lang='lat' dir='ltr'>magica</span> <span class='ocrx_word' id='word_1_44' title='bbox 608 510 736 552; x_wconf 81' lang='lat' dir='ltr'>afflata</span> <span class='ocrx_word' id='word_1_45' title='bbox 759 519 844 560; x_wconf 89' lang='lat' dir='ltr'>est,</span> <span class='ocrx_word' id='word_1_46' title='bbox 876 521 980 565; x_wconf 82' lang='lat' dir='ltr'>quae</span> <span class='ocrx_word' id='word_1_47' title='bbox 1007 505 1199 548; x_wconf 88' lang='lat' dir='ltr'>lectorem</span> <span class='ocrx_word' id='word_1_48' title='bbox 1224 501 1374 546; x_wconf 86' lang='lat' dir='ltr'>detinet</span> <span class='ocrx_word' id='word_1_49' title='bbox 1394 515 1444 544; x_wconf 79' lang='lat' dir='ltr'>ac</span> <span class='ocrx_word' id='word_1_50' title='bbox 1466 515 1659 562; x_wconf 84' lang='lat' dir='ltr'>perpetuo</span> <span class='ocrx_word' id='word_1_51' title='bbox 1691 517 1855 549; x_wconf 90' lang='lat' dir='ltr'>recreat.</span> <span class='ocrx_word' id='word_1_52' title='bbox 1886 505 1940 547; x_wconf 91' lang='lat' dir='ltr'>In</span> <span class='ocrx_word' id='word_1_53' title='bbox 1965 502 2105 545; x_wconf 85' lang='lat' dir='ltr'>Phar—</span> 
     </span>
     <span class='ocr_line' id='line_1_6' title="bbox 209 574 2103 637; baseline -0.002 -17"><span class='ocrx_word' id='word_1_54' title='bbox 209 578 309 620; x_wconf 81' lang='lat' dir='ltr'>salia</span> <span class='ocrx_word' id='word_1_55' title='bbox 333 592 430 621; x_wconf 84' lang='lat' dir='ltr'>vero</span> <span class='ocrx_word' id='word_1_56' title='bbox 453 590 589 621; x_wconf 77' lang='lat' dir='ltr'>nostra</span> <span class='ocrx_word' id='word_1_57' title='bbox 610 592 733 637; x_wconf 89' lang='lat' dir='ltr'>quam</span> <span class='ocrx_word' id='word_1_58' title='bbox 757 577 918 620; x_wconf 89' lang='lat' dir='ltr'>incertis</span> <span class='ocrx_word' id='word_1_59' title='bbox 942 576 1197 619; x_wconf 78' lang='lat' dir='ltr'>lineamentis</span> <span class='ocrx_word' id='word_1_60' title='bbox 1215 574 1364 618; x_wconf 82' lang='lat' dir='ltr'>Caesar</span> <span class='ocrx_word' id='word_1_61' title='bbox 1385 586 1424 617; x_wconf 90' lang='lat' dir='ltr'>et</span> <span class='ocrx_word' id='word_1_62' title='bbox 1444 575 1620 629; x_wconf 89' lang='lat' dir='ltr'>Brutus,</span> <span class='ocrx_word' id='word_1_63' title='bbox 1641 589 1733 620; x_wconf 89' lang='lat' dir='ltr'>ante</span> <span class='ocrx_word' id='word_1_64' title='bbox 1758 577 1858 621; x_wconf 82' lang='lat' dir='ltr'>alios</span> <span class='ocrx_word' id='word_1_65' title='bbox 1880 574 2103 634; x_wconf 88' lang='lat' dir='ltr'>Pompeius</span> 
     </span>
     <span class='ocr_line' id='line_1_7' title="bbox 210 644 2107 706; baseline -0.003 -17"><span class='ocrx_word' id='word_1_66' title='bbox 210 646 399 706; x_wconf 85' lang='lat' dir='ltr'><strong>descripti</strong></span> <span class='ocrx_word' id='word_1_67' title='bbox 426 649 543 691; x_wconf 87' lang='lat' dir='ltr'>sunt!</span> <span class='ocrx_word' id='word_1_68' title='bbox 574 648 616 689; x_wconf 89' lang='lat' dir='ltr'>in</span> <span class='ocrx_word' id='word_1_69' title='bbox 644 645 890 704; x_wconf 84' lang='lat' dir='ltr'>exponendis</span> <span class='ocrx_word' id='word_1_70' title='bbox 915 658 1059 690; x_wconf 85' lang='lat' dir='ltr'>natura</span> <span class='ocrx_word' id='word_1_71' title='bbox 1086 658 1124 689; x_wconf 87' lang='lat' dir='ltr'>et</span> <span class='ocrx_word' id='word_1_72' title='bbox 1154 645 1319 688; x_wconf 85' lang='lat' dir='ltr'>dotibus</span> <span class='ocrx_word' id='word_1_73' title='bbox 1355 660 1522 698; x_wconf 89' lang='lat' dir='ltr'>eorum,</span> <span class='ocrx_word' id='word_1_74' title='bbox 1550 660 1675 704; x_wconf 87' lang='lat' dir='ltr'>quam</span> <span class='ocrx_word' id='word_1_75' title='bbox 1712 659 1855 704; x_wconf 79' lang='lat' dir='ltr'>parum</span> <span class='ocrx_word' id='word_1_76' title='bbox 1886 644 2039 703; x_wconf 81' lang='lat' dir='ltr'>vigoris</span> <span class='ocrx_word' id='word_1_77' title='bbox 2070 653 2107 685; x_wconf 85' lang='lat' dir='ltr'>et</span> 
     </span>
     <span class='ocr_line' id='line_1_8' title="bbox 210 714 2104 774; baseline -0.002 -14"><span class='ocrx_word' id='word_1_78' title='bbox 210 718 392 774; x_wconf 83' lang='lat' dir='ltr'>roboris!</span> <span class='ocrx_word' id='word_1_79' title='bbox 422 718 539 761; x_wconf 83' lang='lat' dir='ltr'>Certe</span> <span class='ocrx_word' id='word_1_80' title='bbox 559 715 777 773; x_wconf 86' lang='lat' dir='ltr'>Pompeius</span> <span class='ocrx_word' id='word_1_81' title='bbox 801 715 868 757; x_wconf 80' lang='lat' dir='ltr'>ille</span> <span class='ocrx_word' id='word_1_82' title='bbox 886 715 955 773; x_wconf 90' lang='lat' dir='ltr'>qui</span> <span class='ocrx_word' id='word_1_83' title='bbox 982 716 1031 765; x_wconf 89' lang='grc' dir='ltr'>Ι,</span> <span class='ocrx_word' id='word_1_84' title='bbox 1065 714 1157 759; x_wconf 78' lang='lat'>131.</span> <span class='ocrx_word' id='word_1_85' title='bbox 1182 730 1284 771; x_wconf 80' lang='lat' dir='ltr'>pace</span> <span class='ocrx_word' id='word_1_86' title='bbox 1301 718 1493 759; x_wconf 80' lang='lat' dir='ltr'><em>dedidicit</em></span> <span class='ocrx_word' id='word_1_87' title='bbox 1520 719 1661 760; x_wconf 85' lang='lat' dir='ltr'>ducem</span> <span class='ocrx_word' id='word_1_88' title='bbox 1687 729 1727 760; x_wconf 87' lang='lat' dir='ltr'>et</span> <span class='ocrx_word' id='word_1_89' title='bbox 1759 730 1868 760; x_wconf 79' lang='lat' dir='ltr'>totus</span> <span class='ocrx_word' id='word_1_90' title='bbox 1885 716 2104 773; x_wconf 78' lang='lat' dir='ltr'>populari-</span> 
     </span>
     <span class='ocr_line' id='line_1_9' title="bbox 211 781 2105 844; baseline -0.004 -13"><span class='ocrx_word' id='word_1_91' title='bbox 211 791 282 831; x_wconf 79' lang='lat' dir='ltr'>bus</span> <span class='ocrx_word' id='word_1_92' title='bbox 309 792 421 830; x_wconf 81' lang='lat' dir='ltr'>auris</span> <span class='ocrx_word' id='word_1_93' title='bbox 441 789 686 844; x_wconf 74' lang='lat' dir='ltr'><em>impellitur,</em></span> <span class='ocrx_word' id='word_1_94' title='bbox 722 797 805 826; x_wconf 89' lang='lat' dir='ltr'>non</span> <span class='ocrx_word' id='word_1_95' title='bbox 833 784 867 826; x_wconf 89' lang='lat' dir='ltr'>is</span> <span class='ocrx_word' id='word_1_96' title='bbox 896 795 977 836; x_wconf 88' lang='lat' dir='ltr'>est,</span> <span class='ocrx_word' id='word_1_97' title='bbox 1007 784 1078 841; x_wconf 89' lang='lat' dir='ltr'>qui</span> <span class='ocrx_word' id='word_1_98' title='bbox 1106 796 1294 841; x_wconf 84' lang='lat' dir='ltr'>magnam</span> <span class='ocrx_word' id='word_1_99' title='bbox 1320 784 1383 826; x_wconf 91' lang='lat' dir='ltr'>sui</span> <span class='ocrx_word' id='word_1_100' title='bbox 1407 785 1742 842; x_wconf 82' lang='lat' dir='ltr'>exspectationem</span> <span class='ocrx_word' id='word_1_101' title='bbox 1768 796 1941 827; x_wconf 81' lang='lat' dir='ltr'>moveat.</span> <span class='ocrx_word' id='word_1_102' title='bbox 1978 781 2105 825; x_wconf 87' lang='lat' dir='ltr'>Adde</span> 
     </span>
     <span class='ocr_line' id='line_1_10' title="bbox 210 856 1640 912; baseline -0.002 -15"><span class='ocrx_word' id='word_1_103' title='bbox 210 856 256 899; x_wconf 96' lang='lat' dir='ltr'>II</span> <span class='ocrx_word' id='word_1_104' title='bbox 271 887 283 908; x_wconf 85' lang='lat'>,</span> <span class='ocrx_word' id='word_1_105' title='bbox 308 857 401 912; x_wconf 87' lang='lat'><strong>598.</strong></span> <span class='ocrx_word' id='word_1_106' title='bbox 1634 857 1640 860; x_wconf 85' lang='lat'>&#39;</span> 
     </span>
    </p>
   </div>
   <div class='ocr_carea' id='block_1_3' title="bbox 430 943 1577 1139">
    <p class='ocr_par' dir='ltr' id='par_1_3' title="bbox 430 943 1577 1139">
     <span class='ocr_line' id='line_1_11' title="bbox 431 943 1577 1001; baseline 0.001 -17"><span class='ocrx_word' id='word_1_107' title='bbox 431 944 561 985; x_wconf 80' lang='lat' dir='ltr'>Sensit</span> <span class='ocrx_word' id='word_1_108' title='bbox 596 955 632 983; x_wconf 90' lang='lat' dir='ltr'>et</span> <span class='ocrx_word' id='word_1_109' title='bbox 657 944 741 998; x_wconf 85' lang='lat' dir='ltr'>ipse</span> <span class='ocrx_word' id='word_1_110' title='bbox 767 954 918 984; x_wconf 87' lang='lat' dir='ltr'>metum</span> <span class='ocrx_word' id='word_1_111' title='bbox 945 944 1157 1001; x_wconf 52' lang='lat' dir='ltr'>Magnum,</span> <span class='ocrx_word' id='word_1_112' title='bbox 1189 943 1420 1001; x_wconf 73' lang='lat' dir='ltr'>placuitque</span> <span class='ocrx_word' id='word_1_113' title='bbox 1437 945 1577 986; x_wconf 80' lang='lat' dir='ltr'>referri</span> 
     </span>
     <span class='ocr_line' id='line_1_12' title="bbox 434 1011 1548 1070; baseline 0.002 -16"><span class='ocrx_word' id='word_1_114' title='bbox 434 1014 581 1069; x_wconf 81' lang='lat' dir='ltr'>Signa,</span> <span class='ocrx_word' id='word_1_115' title='bbox 610 1025 683 1055; x_wconf 87' lang='lat' dir='ltr'>nec</span> <span class='ocrx_word' id='word_1_116' title='bbox 712 1011 753 1053; x_wconf 89' lang='lat' dir='ltr'>in</span> <span class='ocrx_word' id='word_1_117' title='bbox 777 1024 908 1055; x_wconf 79' lang='lat' dir='ltr'>tantae</span> <span class='ocrx_word' id='word_1_118' title='bbox 943 1012 1174 1055; x_wconf 84' lang='lat' dir='ltr'>discrimina</span> <span class='ocrx_word' id='word_1_119' title='bbox 1205 1012 1360 1054; x_wconf 82' lang='lat' dir='ltr'>mittere</span> <span class='ocrx_word' id='word_1_120' title='bbox 1388 1028 1548 1070; x_wconf 77' lang='lat' dir='ltr'>pugnae</span> 
     </span>
     <span class='ocr_line' id='line_1_13' title="bbox 430 1076 1449 1139; baseline 0.002 -20"><span class='ocrx_word' id='word_1_121' title='bbox 430 1079 520 1120; x_wconf 85' lang='lat' dir='ltr'>Iam</span> <span class='ocrx_word' id='word_1_122' title='bbox 550 1080 703 1122; x_wconf 87' lang='lat' dir='ltr'>victum</span> <span class='ocrx_word' id='word_1_123' title='bbox 729 1081 835 1123; x_wconf 72' lang='lat' dir='ltr'>fama</span> <span class='ocrx_word' id='word_1_124' title='bbox 865 1096 947 1123; x_wconf 92' lang='lat' dir='ltr'>non</span> <span class='ocrx_word' id='word_1_125' title='bbox 978 1081 1054 1124; x_wconf 86' lang='lat' dir='ltr'>visi</span> <span class='ocrx_word' id='word_1_126' title='bbox 1084 1080 1266 1122; x_wconf 81' lang='lat' dir='ltr'>Caesaris</span> <span class='ocrx_word' id='word_1_127' title='bbox 1294 1076 1449 1139; x_wconf 61' lang='lat' dir='ltr'>agmen}</span> 
     </span>
    </p>
   </div>
   <div class='ocr_carea' id='block_1_4' title="bbox 294 1182 613 1239">
    <p class='ocr_par' dir='ltr' id='par_1_4' title="bbox 294 1182 613 1239">
     <span class='ocr_line' id='line_1_14' title="bbox 294 1182 613 1239; baseline 0 -15"><span class='ocrx_word' id='word_1_128' title='bbox 294 1182 346 1224; x_wconf 87' lang='lat' dir='ltr'>Et</span> <span class='ocrx_word' id='word_1_129' title='bbox 376 1182 468 1226; x_wconf 87' lang='lat' dir='ltr'>VH</span> <span class='ocrx_word' id='word_1_130' title='bbox 482 1212 495 1236; x_wconf 88' lang='lat'><em>‚</em></span> <span class='ocrx_word' id='word_1_131' title='bbox 518 1185 613 1239; x_wconf 77' lang='lat'>339.</span> 
     </span>
    </p>
   </div>
   <div class='ocr_carea' id='block_1_5' title="bbox 428 1273 1409 1455">
    <p class='ocr_par' dir='ltr' id='par_1_5' title="bbox 428 1273 1409 1455">
     <span class='ocr_line' id='line_1_15' title="bbox 651 1273 1041 1332; baseline 0 -15"><span class='ocrx_word' id='word_1_132' title='bbox 651 1275 740 1317; x_wconf 77' lang='lat' dir='ltr'>Stat</span> <span class='ocrx_word' id='word_1_133' title='bbox 763 1273 885 1317; x_wconf 90' lang='lat' dir='ltr'>corde</span> <span class='ocrx_word' id='word_1_134' title='bbox 907 1274 1041 1332; x_wconf 84' lang='lat' dir='ltr'>gelato</span> 
     </span>
     <span class='ocr_line' id='line_1_16' title="bbox 428 1342 1409 1401; baseline -0.002 -17"><span class='ocrx_word' id='word_1_135' title='bbox 428 1343 664 1385; x_wconf 82' lang='lat' dir='ltr'>Attonitus:</span> <span class='ocrx_word' id='word_1_136' title='bbox 698 1356 889 1401; x_wconf 82' lang='lat' dir='ltr'>tantoque</span> <span class='ocrx_word' id='word_1_137' title='bbox 920 1342 1016 1385; x_wconf 91' lang='lat' dir='ltr'>duci</span> <span class='ocrx_word' id='word_1_138' title='bbox 1039 1342 1097 1385; x_wconf 89' lang='lat' dir='ltr'>sic</span> <span class='ocrx_word' id='word_1_139' title='bbox 1123 1357 1235 1384; x_wconf 88' lang='lat' dir='ltr'>arma</span> <span class='ocrx_word' id='word_1_140' title='bbox 1266 1343 1409 1384; x_wconf 83' lang='lat' dir='ltr'>timere</span> 
     </span>
     <span class='ocr_line' id='line_1_17' title="bbox 430 1413 1002 1455; baseline 0.002 0"><span class='ocrx_word' id='word_1_141' title='bbox 430 1413 563 1455; x_wconf 88' lang='lat' dir='ltr'>Omen</span> <span class='ocrx_word' id='word_1_142' title='bbox 594 1423 691 1454; x_wconf 82' lang='lat' dir='ltr'>erat.</span> <span class='ocrx_word' id='word_1_143' title='bbox 1000 1420 1002 1422; x_wconf 82' lang='lat'>&#39;</span> 
     </span>
    </p>
   </div>
   <div class='ocr_carea' id='block_1_6' title="bbox 198 1514 2100 2470">
    <p class='ocr_par' dir='ltr' id='par_1_6' title="bbox 198 1514 2100 2470">
     <span class='ocr_line' id='line_1_18' title="bbox 204 1514 2095 1577; baseline 0.001 -18"><span class='ocrx_word' id='word_1_144' title='bbox 204 1517 379 1570; x_wconf 84' lang='lat' dir='ltr'>Nonne,</span> <span class='ocrx_word' id='word_1_145' title='bbox 425 1515 524 1559; x_wconf 85' lang='lat' dir='ltr'>dum</span> <span class='ocrx_word' id='word_1_146' title='bbox 562 1516 738 1559; x_wconf 86' lang='lat' dir='ltr'>incertus</span> <span class='ocrx_word' id='word_1_147' title='bbox 778 1527 816 1558; x_wconf 90' lang='lat' dir='ltr'>et</span> <span class='ocrx_word' id='word_1_148' title='bbox 850 1514 1027 1573; x_wconf 88' lang='lat' dir='ltr'>trepidus</span> <span class='ocrx_word' id='word_1_149' title='bbox 1077 1514 1260 1558; x_wconf 79' lang='lat' dir='ltr'>Caesaris</span> <span class='ocrx_word' id='word_1_150' title='bbox 1307 1528 1399 1559; x_wconf 84' lang='lat' dir='ltr'>ante</span> <span class='ocrx_word' id='word_1_151' title='bbox 1436 1515 1610 1575; x_wconf 74' lang='lat' dir='ltr'>legiones</span> <span class='ocrx_word' id='word_1_152' title='bbox 1655 1517 1757 1577; x_wconf 84' lang='lat' dir='ltr'>fugit</span> <span class='ocrx_word' id='word_1_153' title='bbox 1789 1528 1827 1560; x_wconf 87' lang='lat' dir='ltr'>et</span> <span class='ocrx_word' id='word_1_154' title='bbox 1863 1517 2095 1560; x_wconf 82' lang='lat' dir='ltr'>adversario</span> 
     </span>
     <span class='ocr_line' id='line_1_19' title="bbox 204 1585 2097 1644; baseline -0.001 -14"><span class='ocrx_word' id='word_1_155' title='bbox 204 1600 330 1630; x_wconf 80' lang='lat' dir='ltr'>totam</span> <span class='ocrx_word' id='word_1_156' title='bbox 359 1587 520 1628; x_wconf 83' lang='lat' dir='ltr'>Italiam</span> <span class='ocrx_word' id='word_1_157' title='bbox 551 1586 768 1643; x_wconf 83' lang='lat' dir='ltr'>relinquit,</span> <span class='ocrx_word' id='word_1_158' title='bbox 796 1585 1094 1626; x_wconf 81' lang='lat' dir='ltr'>miserationem</span> <span class='ocrx_word' id='word_1_159' title='bbox 1123 1585 1251 1644; x_wconf 79' lang='lat' dir='ltr'>magis</span> <span class='ocrx_word' id='word_1_160' title='bbox 1277 1602 1401 1644; x_wconf 87' lang='lat' dir='ltr'>quam</span> <span class='ocrx_word' id='word_1_161' title='bbox 1435 1586 1747 1629; x_wconf 84' lang='lat' dir='ltr'>admirationem</span> <span class='ocrx_word' id='word_1_162' title='bbox 1778 1587 1951 1631; x_wconf 77' lang='lat' dir='ltr'>excitat?</span> <span class='ocrx_word' id='word_1_163' title='bbox 1984 1587 2097 1644; x_wconf 84' lang='lat' dir='ltr'>Quid</span> 
     </span>
     <span class='ocr_line' id='line_1_20' title="bbox 206 1652 2100 1713; baseline 0.001 -15"><span class='ocrx_word' id='word_1_164' title='bbox 206 1657 383 1698; x_wconf 86' lang='lat' dir='ltr'>Caesar?</span> <span class='ocrx_word' id='word_1_165' title='bbox 416 1654 691 1696; x_wconf 85' lang='lat' dir='ltr'>Audaciorem</span> <span class='ocrx_word' id='word_1_166' title='bbox 731 1653 913 1710; x_wconf 86' lang='lat' dir='ltr'>profecto</span> <span class='ocrx_word' id='word_1_167' title='bbox 953 1652 1273 1710; x_wconf 83' lang='lat' dir='ltr'>ferocioremque</span> <span class='ocrx_word' id='word_1_168' title='bbox 1297 1669 1382 1696; x_wconf 85' lang='lat' dir='ltr'>sese</span> <span class='ocrx_word' id='word_1_169' title='bbox 1427 1656 1580 1697; x_wconf 84' lang='lat' dir='ltr'>extollit</span> <span class='ocrx_word' id='word_1_170' title='bbox 1598 1672 1614 1704; x_wconf 74' lang='lat'>3</span> <span class='ocrx_word' id='word_1_171' title='bbox 1645 1667 1764 1713; x_wconf 77' lang='lat' dir='ltr'>atque</span> <span class='ocrx_word' id='word_1_172' title='bbox 1803 1655 1852 1708; x_wconf 86' lang='grc' dir='ltr'>Ι,</span> <span class='ocrx_word' id='word_1_173' title='bbox 1884 1658 1989 1710; x_wconf 76' lang='lat'>143:</span> <span class='ocrx_word' id='word_1_174' title='bbox 2020 1659 2100 1700; x_wconf 77' lang='lat' dir='ltr'>Sed</span> 
     </span>
     <span class='ocr_line' id='line_1_21' title="bbox 206 1714 2099 1783; baseline -0.001 -15"><span class='ocrx_word' id='word_1_175' title='bbox 206 1742 285 1768; x_wconf 84' lang='lat' dir='ltr'>non</span> <span class='ocrx_word' id='word_1_176' title='bbox 315 1727 356 1767; x_wconf 85' lang='lat' dir='ltr'>in</span> <span class='ocrx_word' id='word_1_177' title='bbox 381 1726 549 1765; x_wconf 79' lang='lat' dir='ltr'>Caesare</span> <span class='ocrx_word' id='word_1_178' title='bbox 572 1735 646 1766; x_wconf 82' lang='lat' dir='ltr'>etc.</span> <span class='ocrx_word' id='word_1_179' title='bbox 678 1733 862 1764; x_wconf 87' lang='lat' dir='ltr'>strenuus</span> <span class='ocrx_word' id='word_1_180' title='bbox 888 1718 969 1762; x_wconf 87' lang='lat' dir='ltr'>dux</span> <span class='ocrx_word' id='word_1_181' title='bbox 997 1734 1034 1763; x_wconf 84' lang='lat' dir='ltr'>et</span> <span class='ocrx_word' id='word_1_182' title='bbox 1055 1722 1118 1764; x_wconf 84' lang='lat' dir='ltr'>vir</span> <span class='ocrx_word' id='word_1_183' title='bbox 1149 1734 1264 1764; x_wconf 81' lang='lat' dir='ltr'>tenax</span> <span class='ocrx_word' id='word_1_184' title='bbox 1282 1724 1483 1780; x_wconf 86' lang='lat' dir='ltr'>propositi</span> <span class='ocrx_word' id='word_1_185' title='bbox 1503 1714 1695 1781; x_wconf 78' lang='lat' dir='ltr'>signatur.</span> <span class='ocrx_word' id='word_1_186' title='bbox 1730 1725 1918 1776; x_wconf 88' lang='lat' dir='ltr'>Verum,</span> <span class='ocrx_word' id='word_1_187' title='bbox 1950 1726 2099 1783; x_wconf 87' lang='lat' dir='ltr'>quibus</span> 
     </span>
     <span class='ocr_line' id='line_1_22' title="bbox 206 1788 2098 1848; baseline -0.001 -12"><span class='ocrx_word' id='word_1_188' title='bbox 206 1793 257 1836; x_wconf 84' lang='lat' dir='ltr'>ad</span> <span class='ocrx_word' id='word_1_189' title='bbox 290 1804 474 1833; x_wconf 84' lang='lat' dir='ltr'>naturam</span> <span class='ocrx_word' id='word_1_190' title='bbox 504 1791 586 1833; x_wconf 90' lang='lat' dir='ltr'>eius</span> <span class='ocrx_word' id='word_1_191' title='bbox 615 1788 832 1831; x_wconf 87' lang='lat' dir='ltr'>finiendam</span> <span class='ocrx_word' id='word_1_192' title='bbox 858 1789 1009 1840; x_wconf 85' lang='lat' dir='ltr'>utitur,</span> <span class='ocrx_word' id='word_1_193' title='bbox 1037 1805 1081 1833; x_wconf 88' lang='lat' dir='ltr'>ea</span> <span class='ocrx_word' id='word_1_194' title='bbox 1108 1790 1242 1848; x_wconf 89' lang='lat' dir='ltr'>potius</span> <span class='ocrx_word' id='word_1_195' title='bbox 1271 1790 1313 1832; x_wconf 86' lang='lat' dir='ltr'>in</span> <span class='ocrx_word' id='word_1_196' title='bbox 1337 1790 1589 1833; x_wconf 86' lang='lat' dir='ltr'>orationibus</span> <span class='ocrx_word' id='word_1_197' title='bbox 1617 1806 1739 1847; x_wconf 87' lang='lat' dir='ltr'>quam</span> <span class='ocrx_word' id='word_1_198' title='bbox 1767 1792 1808 1832; x_wconf 88' lang='lat' dir='ltr'>in</span> <span class='ocrx_word' id='word_1_199' title='bbox 1833 1793 1972 1834; x_wconf 83' lang='lat' dir='ltr'>ceteris</span> <span class='ocrx_word' id='word_1_200' title='bbox 1999 1806 2098 1834; x_wconf 89' lang='lat' dir='ltr'>car-</span> 
     </span>
     <span class='ocr_line' id='line_1_23' title="bbox 202 1859 2096 1920; baseline -0.001 -15"><span class='ocrx_word' id='word_1_201' title='bbox 202 1865 322 1906; x_wconf 89' lang='lat' dir='ltr'>minis</span> <span class='ocrx_word' id='word_1_202' title='bbox 347 1863 528 1920; x_wconf 87' lang='lat' dir='ltr'>partibus</span> <span class='ocrx_word' id='word_1_203' title='bbox 554 1862 737 1918; x_wconf 81' lang='lat' dir='ltr'>reperias.</span> <span class='ocrx_word' id='word_1_204' title='bbox 769 1862 868 1903; x_wconf 85' lang='lat' dir='ltr'>Huc</span> <span class='ocrx_word' id='word_1_205' title='bbox 892 1861 1045 1903; x_wconf 82' lang='lat' dir='ltr'>faciunt</span> <span class='ocrx_word' id='word_1_206' title='bbox 1065 1860 1147 1901; x_wconf 90' lang='lat' dir='ltr'>loci</span> <span class='ocrx_word' id='word_1_207' title='bbox 1179 1859 1201 1899; x_wconf 89' lang='lat' dir='ltr'>I</span> <span class='ocrx_word' id='word_1_208' title='bbox 1218 1889 1230 1909; x_wconf 93' lang='lat'>‚</span> <span class='ocrx_word' id='word_1_209' title='bbox 1256 1874 1349 1916; x_wconf 85' lang='lat'>299.</span> <span class='ocrx_word' id='word_1_210' title='bbox 1382 1860 1427 1900; x_wconf 91' lang='lat' dir='ltr'>II</span> <span class='ocrx_word' id='word_1_211' title='bbox 1446 1890 1457 1909; x_wconf 94' lang='lat'><strong>‚</strong></span> <span class='ocrx_word' id='word_1_212' title='bbox 1486 1870 1579 1915; x_wconf 76' lang='lat'>494.</span> <span class='ocrx_word' id='word_1_213' title='bbox 1611 1859 1681 1901; x_wconf 89' lang='lat' dir='ltr'>III</span> <span class='ocrx_word' id='word_1_214' title='bbox 1697 1890 1709 1910; x_wconf 90' lang='lat'>,</span> <span class='ocrx_word' id='word_1_215' title='bbox 1733 1874 1783 1915; x_wconf 86' lang='lat'>91</span> <span class='ocrx_word' id='word_1_216' title='bbox 1813 1872 1850 1902; x_wconf 84' lang='lat' dir='ltr'>et</span> <span class='ocrx_word' id='word_1_217' title='bbox 1871 1861 1968 1902; x_wconf 79' lang='lat'><strong>358.</strong></span> <span class='ocrx_word' id='word_1_218' title='bbox 1995 1861 2096 1914; x_wconf 92' lang='lat' dir='ltr'>IV,</span> 
     </span>
     <span class='ocr_line' id='line_1_24' title="bbox 207 1928 2092 1987; baseline -0.003 -11"><span class='ocrx_word' id='word_1_219' title='bbox 207 1934 296 1977; x_wconf 85' lang='lat'>162.</span> <span class='ocrx_word' id='word_1_220' title='bbox 330 1933 400 1982; x_wconf 85' lang='lat' dir='ltr'>V,</span> <span class='ocrx_word' id='word_1_221' title='bbox 431 1935 514 1987; x_wconf 81' lang='lat'>319</span> <span class='ocrx_word' id='word_1_222' title='bbox 543 1942 580 1972; x_wconf 90' lang='lat' dir='ltr'>et</span> <span class='ocrx_word' id='word_1_223' title='bbox 609 1931 704 1982; x_wconf 72' lang='lat'><strong>654.</strong></span> <span class='ocrx_word' id='word_1_224' title='bbox 734 1930 849 1978; x_wconf 83' lang='lat' dir='ltr'>VII,</span> <span class='ocrx_word' id='word_1_225' title='bbox 890 1932 984 1971; x_wconf 87' lang='lat'>250.</span> <span class='ocrx_word' id='word_1_226' title='bbox 1010 1940 1047 1971; x_wconf 92' lang='lat' dir='ltr'>et</span> <span class='ocrx_word' id='word_1_227' title='bbox 1073 1929 1143 1979; x_wconf 92' lang='lat' dir='ltr'>X,</span> <span class='ocrx_word' id='word_1_228' title='bbox 1185 1930 1301 1982; x_wconf 79' lang='lat'>1064.</span> <span class='ocrx_word' id='word_1_229' title='bbox 1335 1928 1426 1970; x_wconf 79' lang='lat' dir='ltr'>Hae</span> <span class='ocrx_word' id='word_1_230' title='bbox 1450 1941 1584 1971; x_wconf 88' lang='lat' dir='ltr'>autem</span> <span class='ocrx_word' id='word_1_231' title='bbox 1617 1929 1817 1971; x_wconf 85' lang='lat' dir='ltr'>orationes</span> <span class='ocrx_word' id='word_1_232' title='bbox 1836 1960 1847 1980; x_wconf 93' lang='lat'>‚</span> <span class='ocrx_word' id='word_1_233' title='bbox 1881 1930 1935 1972; x_wconf 86' lang='lat' dir='ltr'>ita</span> <span class='ocrx_word' id='word_1_234' title='bbox 1969 1943 2092 1972; x_wconf 87' lang='lat' dir='ltr'>com-</span> 
     </span>
     <span class='ocr_line' id='line_1_25' title="bbox 206 1997 2095 2061; baseline -0.003 -16"><span class='ocrx_word' id='word_1_235' title='bbox 206 2015 367 2061; x_wconf 79' lang='lat' dir='ltr'>paratae</span> <span class='ocrx_word' id='word_1_236' title='bbox 392 2013 513 2051; x_wconf 86' lang='lat' dir='ltr'>sunt‚</span> <span class='ocrx_word' id='word_1_237' title='bbox 546 2012 590 2042; x_wconf 88' lang='lat' dir='ltr'>ut</span> <span class='ocrx_word' id='word_1_238' title='bbox 633 1999 836 2041; x_wconf 81' lang='lat' dir='ltr'>nonnullis</span> <span class='ocrx_word' id='word_1_239' title='bbox 870 1998 1034 2056; x_wconf 88' lang='lat' dir='ltr'>quidem</span> <span class='ocrx_word' id='word_1_240' title='bbox 1064 1997 1107 2039; x_wconf 90' lang='lat' dir='ltr'>in</span> <span class='ocrx_word' id='word_1_241' title='bbox 1149 1998 1249 2040; x_wconf 83' lang='lat' dir='ltr'>locis</span> <span class='ocrx_word' id='word_1_242' title='bbox 1297 1997 1477 2040; x_wconf 84' lang='lat' dir='ltr'>Caesaris</span> <span class='ocrx_word' id='word_1_243' title='bbox 1527 1999 1734 2041; x_wconf 87' lang='lat' dir='ltr'>interiores</span> <span class='ocrx_word' id='word_1_244' title='bbox 1769 2013 1906 2042; x_wconf 91' lang='lat' dir='ltr'>sensus</span> <span class='ocrx_word' id='word_1_245' title='bbox 1938 1999 2095 2055; x_wconf 79' lang='lat' dir='ltr'>patefa-</span> 
     </span>
     <span class='ocr_line' id='line_1_26' title="bbox 207 2066 2098 2127; baseline -0.004 -10"><span class='ocrx_word' id='word_1_246' title='bbox 207 2073 342 2124; x_wconf 85' lang='lat' dir='ltr'>ciant,</span> <span class='ocrx_word' id='word_1_247' title='bbox 370 2085 450 2112; x_wconf 89' lang='lat' dir='ltr'>non</span> <span class='ocrx_word' id='word_1_248' title='bbox 482 2081 525 2112; x_wconf 91' lang='lat' dir='ltr'>ut</span> <span class='ocrx_word' id='word_1_249' title='bbox 557 2066 902 2127; x_wconf 87' lang='lat' dir='ltr'>quemadmodum</span> <span class='ocrx_word' id='word_1_250' title='bbox 929 2066 1030 2111; x_wconf 82' lang='lat' dir='ltr'>vixit</span> <span class='ocrx_word' id='word_1_251' title='bbox 1058 2079 1094 2110; x_wconf 90' lang='lat' dir='ltr'>et</span> <span class='ocrx_word' id='word_1_252' title='bbox 1129 2066 1255 2118; x_wconf 81' lang='lat' dir='ltr'>vidit,</span> <span class='ocrx_word' id='word_1_253' title='bbox 1284 2082 1375 2110; x_wconf 89' lang='lat' dir='ltr'>eum</span> <span class='ocrx_word' id='word_1_254' title='bbox 1405 2068 1542 2111; x_wconf 88' lang='lat' dir='ltr'>animo</span> <span class='ocrx_word' id='word_1_255' title='bbox 1564 2067 1723 2111; x_wconf 85' lang='lat' dir='ltr'>lectoris</span> <span class='ocrx_word' id='word_1_256' title='bbox 1748 2067 1930 2111; x_wconf 84' lang='lat' dir='ltr'>offerant.</span> <span class='ocrx_word' id='word_1_257' title='bbox 1958 2067 2098 2126; x_wconf 85' lang='lat' dir='ltr'>Quam</span> 
     </span>
     <span class='ocr_line' id='line_1_27' title="bbox 205 2137 2095 2195; baseline -0.001 -12"><span class='ocrx_word' id='word_1_258' title='bbox 205 2142 383 2183; x_wconf 63' lang='lat' dir='ltr'>diversae</span> <span class='ocrx_word' id='word_1_259' title='bbox 424 2139 595 2181; x_wconf 86' lang='lat' dir='ltr'>Homeri</span> <span class='ocrx_word' id='word_1_260' title='bbox 630 2140 853 2180; x_wconf 84' lang='lat' dir='ltr'>orationes!</span> <span class='ocrx_word' id='word_1_261' title='bbox 888 2149 1085 2195; x_wconf 80' lang='lat' dir='ltr'>quantum</span> <span class='ocrx_word' id='word_1_262' title='bbox 1112 2138 1190 2179; x_wconf 83' lang='lat' dir='ltr'>hac</span> <span class='ocrx_word' id='word_1_263' title='bbox 1220 2138 1367 2180; x_wconf 76' lang='lat' dir='ltr'>virtute</span> <span class='ocrx_word' id='word_1_264' title='bbox 1398 2139 1543 2179; x_wconf 87' lang='lat' dir='ltr'>eminet</span> <span class='ocrx_word' id='word_1_265' title='bbox 1566 2139 1720 2195; x_wconf 86' lang='lat' dir='ltr'>primus</span> <span class='ocrx_word' id='word_1_266' title='bbox 1748 2137 1887 2177; x_wconf 84' lang='lat' dir='ltr'>Iliadis</span> <span class='ocrx_word' id='word_1_267' title='bbox 1926 2140 2095 2181; x_wconf 75' lang='lat' dir='ltr'>cantus!</span> 
     </span>
     <span class='ocr_line' id='line_1_28' title="bbox 208 2207 2099 2263; baseline -0.001 -10"><span class='ocrx_word' id='word_1_268' title='bbox 208 2212 276 2254; x_wconf 78' lang='lat' dir='ltr'>vix</span> <span class='ocrx_word' id='word_1_269' title='bbox 307 2209 500 2250; x_wconf 72' lang='lat' dir='ltr'>nonnulla</span> <span class='ocrx_word' id='word_1_270' title='bbox 538 2210 660 2250; x_wconf 75' lang='lat' dir='ltr'>verba</span> <span class='ocrx_word' id='word_1_271' title='bbox 709 2208 891 2251; x_wconf 86' lang='lat' dir='ltr'>Achilles</span> <span class='ocrx_word' id='word_1_272' title='bbox 930 2219 967 2248; x_wconf 89' lang='lat' dir='ltr'>et</span> <span class='ocrx_word' id='word_1_273' title='bbox 1000 2209 1284 2263; x_wconf 80' lang='lat' dir='ltr'>Agamemnon</span> <span class='ocrx_word' id='word_1_274' title='bbox 1328 2208 1526 2258; x_wconf 78' lang='lat' dir='ltr'>fecerunt,</span> <span class='ocrx_word' id='word_1_275' title='bbox 1558 2222 1652 2249; x_wconf 89' lang='lat' dir='ltr'>cum</span> <span class='ocrx_word' id='word_1_276' title='bbox 1686 2222 1753 2249; x_wconf 90' lang='lat' dir='ltr'>eos</span> <span class='ocrx_word' id='word_1_277' title='bbox 1792 2207 1938 2249; x_wconf 86' lang='lat' dir='ltr'>intueri</span> <span class='ocrx_word' id='word_1_278' title='bbox 1978 2208 2099 2251; x_wconf 86' lang='lat' dir='ltr'>nobis</span> 
     </span>
     <span class='ocr_line' id='line_1_29' title="bbox 206 2273 2097 2334; baseline -0.001 -13"><span class='ocrx_word' id='word_1_279' title='bbox 206 2276 401 2322; x_wconf 82' lang='lat' dir='ltr'>videmur.</span> <span class='ocrx_word' id='word_1_280' title='bbox 461 2276 510 2318; x_wconf 89' lang='lat' dir='ltr'>In</span> <span class='ocrx_word' id='word_1_281' title='bbox 536 2276 599 2317; x_wconf 88' lang='lat' dir='ltr'>his</span> <span class='ocrx_word' id='word_1_282' title='bbox 627 2286 760 2317; x_wconf 85' lang='lat' dir='ltr'>autem</span> <span class='ocrx_word' id='word_1_283' title='bbox 796 2273 949 2316; x_wconf 84' lang='lat' dir='ltr'>Lucani</span> <span class='ocrx_word' id='word_1_284' title='bbox 975 2274 1226 2316; x_wconf 83' lang='lat' dir='ltr'>orationibus</span> <span class='ocrx_word' id='word_1_285' title='bbox 1254 2286 1373 2331; x_wconf 89' lang='lat' dir='ltr'>poeta</span> <span class='ocrx_word' id='word_1_286' title='bbox 1411 2275 1547 2332; x_wconf 87' lang='lat' dir='ltr'>potius</span> <span class='ocrx_word' id='word_1_287' title='bbox 1584 2290 1706 2333; x_wconf 89' lang='lat' dir='ltr'>quam</span> <span class='ocrx_word' id='word_1_288' title='bbox 1746 2289 1942 2333; x_wconf 70' lang='lat' dir='ltr'>persona,</span> <span class='ocrx_word' id='word_1_289' title='bbox 1972 2291 2097 2334; x_wconf 80' lang='lat' dir='ltr'>quarn</span> 
     </span>
     <span class='ocr_line' id='line_1_30' title="bbox 203 2343 2098 2400; baseline -0.001 -11"><span class='ocrx_word' id='word_1_290' title='bbox 203 2347 386 2396; x_wconf 84' lang='lat' dir='ltr'>inducit,</span> <span class='ocrx_word' id='word_1_291' title='bbox 419 2360 556 2387; x_wconf 88' lang='lat' dir='ltr'>sensus</span> <span class='ocrx_word' id='word_1_292' title='bbox 583 2359 676 2386; x_wconf 88' lang='lat' dir='ltr'>suos</span> <span class='ocrx_word' id='word_1_293' title='bbox 698 2344 835 2399; x_wconf 86' lang='lat' dir='ltr'>aperit.</span> <span class='ocrx_word' id='word_1_294' title='bbox 870 2343 1031 2395; x_wconf 73' lang='lat' dir='ltr'>Verum</span> <span class='ocrx_word' id='word_1_295' title='bbox 1058 2343 1155 2385; x_wconf 82' lang='lat' dir='ltr'>haec</span> <span class='ocrx_word' id='word_1_296' title='bbox 1183 2358 1258 2386; x_wconf 89' lang='lat' dir='ltr'>nos</span> <span class='ocrx_word' id='word_1_297' title='bbox 1287 2343 1524 2400; x_wconf 82' lang='lat' dir='ltr'>adducunt,</span> <span class='ocrx_word' id='word_1_298' title='bbox 1556 2358 1603 2387; x_wconf 88' lang='lat' dir='ltr'>ut</span> <span class='ocrx_word' id='word_1_299' title='bbox 1629 2346 1680 2390; x_wconf 86' lang='lat' dir='ltr'>de</span> <span class='ocrx_word' id='word_1_300' title='bbox 1710 2345 1907 2389; x_wconf 74' lang='lat' dir='ltr'>orationis</span> <span class='ocrx_word' id='word_1_301' title='bbox 1938 2345 2098 2388; x_wconf 80' lang='lat' dir='ltr'>Lucani</span> 
     </span>
     <span class='ocr_line' id='line_1_31' title="bbox 198 2413 1004 2470; baseline -0.005 -12"><span class='ocrx_word' id='word_1_302' title='bbox 198 2415 362 2462; x_wconf 82' lang='lat' dir='ltr'>dotibus</span> <span class='ocrx_word' id='word_1_303' title='bbox 392 2416 433 2457; x_wconf 88' lang='lat' dir='ltr'>in</span> <span class='ocrx_word' id='word_1_304' title='bbox 465 2415 697 2459; x_wconf 85' lang='lat' dir='ltr'>universum</span> <span class='ocrx_word' id='word_1_305' title='bbox 732 2413 1004 2470; x_wconf 84' lang='lat' dir='ltr'>inquiramus.</span> 
     </span>
    </p>
   </div>
  </div>
 </body>
</html>
