2337 3088
236 255 574 280 —Qnammon
580 254 750 275 mmmm
754 255 864 274 mm
869 241 1148 279 *dmm-umus
1153 254 1321 278 numer,
1325 255 1378 276 mu
1384 253 1607 279 mmmmm
1616 249 2118 279 mmmxw÷mn·&-

221 683 296 782 In
324 737 483 796 scriptis
515 752 695 784 veterum
720 738 977 783 aestimandis
1006 753 1086 796 qua
1112 737 1188 780 viri
1213 736 1323 779 docti
1348 737 1502 779 ratione
1536 745 1734 785 utuntur,
1763 734 1869 776 eain
1891 736 2128 780 universum

222 805 373 865 duplex
398 821 467 853 est.
529 811 693 868 Quippe
722 810 820 862 alii,
844 825 941 852 cum
971 808 1021 851 de
1050 808 1234 865 partibus
1265 805 1477 859 iudicant,
1511 820 1639 849 totam
1669 820 1958 863 usquequaque
1992 807 2125 862 operis

225 891 455 932 summam,
482 893 579 921 cum
605 877 656 920 de
686 877 838 936 scripto
860 877 966 937 leges
993 876 1105 930 eius,
1132 880 1214 935 quo
1245 876 1443 934 pertinet,
1475 876 1656 935 generis,
1695 889 1789 918 cum
1821 873 1872 918 de
1908 874 2128 934 scriptore,

225 963 271 991 ea
298 950 449 1007 quibus
473 948 638 999 floruit,
671 959 853 1004 tempora
879 947 1111 1005 respiciunt.
1172 947 1261 989 Alii
1288 961 1387 989 vero
1415 948 1600 1005 partibus
1631 947 1795 990 distenti
1828 946 2020 1005 singulis,
2050 959 2130 988 co-

224 1018 552 1075 haerentiamque
596 1029 635 1060 et
665 1021 866 1061 unitatem
906 1030 1073 1069 eorum,
1105 1033 1208 1076 quae
1241 1016 1468 1070 disserunt,
1503 1020 1639 1061 minus
1676 1031 1890 1070 curantes,
1916 1032 2131 1076 nunquam

226 1103 274 1131 eo
302 1102 389 1129 rem
411 1077 667 1145 perducunt,
697 1099 744 1129 ut
772 1099 900 1130 totum
926 1087 1057 1145 operis
1092 1087 1310 1130 artificium
1336 1104 1420 1131 uno
1456 1088 1572 1145 quasi
1606 1088 1751 1131 mentis
1782 1088 1931 1130 obtutu
1969 1087 2131 1130 valeant

224 1155 472 1215 complecti„
515 1153 640 1215 Quod
661 1155 806 1198 vellem
839 1170 889 1198 ne
924 1155 1191 1210 Burmanno,
1223 1157 1382 1200 Lucani
1430 1156 1575 1200 editori
1614 1156 1729 1199 haud
1757 1156 1953 1216 ignobili,
1983 1155 2026 1198 in
2054 1156 2131 1211 iis,

224 1242 328 1285 quae
351 1228 395 1269 in
430 1228 563 1270 fronte
591 1227 781 1269 editionis
812 1242 908 1270 suae
940 1228 1186 1285 disputavit,
1211 1227 1436 1269 accidisset.
1469 1226 1537 1268 lbi
1569 1226 1721 1267 scilicet
1749 1225 1812 1266 vel
1841 1240 1917 1267 suo
1945 1226 2126 1278 Lucani,

226 1310 349 1354 quem
385 1294 499 1338 dictu
529 1294 737 1338 mirabile!
768 1296 853 1354 ipse
883 1295 1038 1349 edidit,
1070 1296 1167 1341 odio
1189 1312 1423 1343 occaecatus
1446 1330 1457 1351 ,
1484 1299 1548 1341 vel
1573 1296 1801 1356 philologos
1832 1296 1940 1339 illius
1969 1308 2134 1354 tempo·-

226 1366 309 1418 ris,
345 1365 683 1424 philosophorum
710 1366 918 1410 doctrinae
951 1367 1061 1410 haud
1089 1369 1248 1427 ignaros
1266 1400 1277 1421 ,
1307 1367 1615 1426 philosophicae
1646 1366 1931 1424 disputationis
1962 1370 2000 1424 ⁴¹)
2045 1369 2135 1427 ple-

228 1450 400 1494 rumque
438 1450 586 1493 parum
627 1434 829 1479 studiosos
859 1450 1042 1491 secutus,
1089 1439 1226 1481 omnia
1272 1438 1374 1486 mire
1411 1436 1665 1494 perturbavit
1702 1436 1912 1495 multaque
1939 1439 2136 1495 protulit,

226 1504 401 1562 quaein
431 1505 652 1563 gymnasiis
685 1506 834 1548 nostris
879 1509 993 1563 pueri
1033 1525 1135 1551 naso
1180 1512 1382 1565 crispante
1420 1510 1675 1563 tremulisque
1716 1510 1927 1549 cachinnis
1968 1506 2135 1563 excipe-

193 1580 196 1584 “
227 1587 331 1618 rent.
391 1573 577 1626 Eodem,
602 1574 654 1617 ad
686 1568 892 1619 diversum
929 1592 1073 1635 nempe
1100 1576 1353 1634 disceptandi
1381 1591 1534 1635 genus,
1566 1577 1693 1617 refero
1737 1576 1976 1632 opinionum
2013 1574 2137 1617 dissi-

232 1644 347 1686 dium
368 1675 380 1695 ,
408 1659 491 1702 quo
520 1644 712 1689 Lucanus
744 1660 854 1699 nunc
883 1658 966 1689 arte
988 1659 1027 1692 et
1047 1647 1207 1706 ingenio
1235 1661 1330 1705 epos
1359 1645 1544 1698 duxisse,
1575 1659 1686 1686 nunc
1708 1644 1775 1686 vix
1806 1656 1946 1702 poetae
1971 1645 2138 1687 nomine

231 1713 379 1772 dignus
413 1728 497 1755 esse
530 1714 705 1757 creditus
746 1728 818 1758 est.
872 1716 998 1773 'Quae
1037 1716 1086 1758 lis
1129 1729 1175 1759 ut
1205 1715 1486 1766 dirimeretur,
1514 1716 1694 1772 primum
1726 1714 1911 1755 omnium
1945 1714 2138 1757 carminis

230 1782 334 1841 epici
362 1783 467 1841 leges
493 1795 531 1825 et
556 1795 701 1825 natura
729 1785 1033 1827 constituendae
1057 1797 1170 1827 erant
1189 1815 1200 1835 ,
1230 1783 1421 1842 neglectis
1453 1783 1527 1834 iis,
1555 1799 1659 1841 quae
1685 1796 1755 1826 aut
1785 1796 2041 1841 temporum,
2066 1796 2139 1828 aut

233 1866 425 1903 morum,
453 1863 522 1893 aut
546 1851 717 1909 denique
749 1854 933 1896 virorum
970 1854 1229 1914 quorundam
1259 1851 1423 1910 propria
1444 1881 1456 1902 ,
1484 1851 1805 1912 haudquaquam
1849 1850 2007 1911 generi,
2039 1865 2138 1895 tan..

232 1936 358 1979 quam
386 1932 581 1978 perpetuo
611 1936 776 1965 manens
812 1928 1046 1977 character,
1077 1924 1297 1966 inhaerent.
1327 1920 1487 1964 Deinde
1515 1921 1568 1963 ad
1600 1936 1715 1972 eam,
1748 1937 1870 1979 quam
1896 1917 2140 1975 invenisses,

232 2005 422 2034 normam
446 1989 659 2035 Pharsalia
695 1992 772 2035 ista
800 1993 993 2051 exigenda
1022 2006 1137 2044 erat3
1182 2008 1264 2051 quo
1289 2003 1408 2050 pacto
1437 1991 1500 2033 vel
1531 1991 1700 2033 virtutes
1731 1991 1796 2033 vel
1827 1991 1925 2033 vitia
1951 1991 2034 2034 eius
2061 2007 2139 2049 ap-

233 2077 375 2120 parere
405 2062 660 2120 oportuisset.
721 2062 847 2122 Quod
879 2080 974 2107 cum
1006 2081 1029 2107 a
1058 2064 1243 2115 nemine,
1276 2060 1389 2120 quod
1419 2061 1544 2102 sciam
1564 2091 1577 2110 ,
1607 2061 1846 2117 praestitum
1890 2061 1963 2116 sit,
1994 2075 2139 2117 operae

234 2130 410 2189 pretium
440 2130 525 2173 fore
582 2131 706 2185 duxi,
747 2133 781 2176 si
821 2134 864 2175 in
897 2134 1168 2193 disputatione
1197 2130 1442 2193 philologica
1480 2144 1565 2172 rem
1610 2128 1722 2173 haud
1749 2130 1880 2191 exigui
1916 2145 2010 2172 sane
2045 2145 2140 2174 mo-

235 2200 358 2243 menti
388 2199 442 2243 ad
472 2201 676 2260 liquidum
720 2204 941 2262 perducere
973 2221 1155 2249 conarer.
1217 2206 1302 2248 Cur
1348 2216 1482 2247 autem
1528 2205 1580 2246 ab
1614 2204 1843 2247 Isocraticis
1885 2201 2061 2251 chartis,
2092 2201 2136 2242 in

236 2271 384 2329 quibus
425 2271 618 2317 hactenus
663 2285 884 2334 occupatus
912 2274 995 2327 fui,
1034 2276 1088 2319 ad
1119 2277 1372 2320 Pharsaliam
1419 2275 1682 2330 deverterim,
1715 2290 1826 2319 nunc
1872 2275 1922 2317 iis
1963 2287 2143 2331 quorum

333 2431 375 2474 =fi)
402 2429 491 2464 Eius
520 2429 662 2465 scilicet
692 2441 788 2477 quae
816 2430 963 2478 singula
989 2438 1160 2479 quaeque
1187 2429 1373 2467 disiuncta
1404 2432 1446 2469 in
1479 2442 1589 2468 unum
1621 2443 1748 2479 corpus
1780 2430 2000 2468 consociare
2032 2434 2070 2465 et
2096 2426 2144 2466 aa

410 2501 516 2526 unum
534 2490 747 2537 principium
774 2502 958 2529 revocare
985 2490 1129 2531 studet.

1818 2555 1840 2583 ³1
1876 2566 1889 2583 ι
