2337 3088
968 146 1253 222 >tamt

138 245 365 302 'loquacitas
413 237 564 290 seilicet
591 257 637 289 et
675 244 838 298 durities
867 248 911 303 ⁴¹)
968 259 1007 290 et
1056 249 1098 290 in
1134 247 1409 308 descriptione
1449 262 1486 294 et
1525 250 1568 292 in
1627 252 1875 296 orationibus
1916 270 1951 299 et
1986 261 2027 302 iu

138 313 375 368 narratione
403 317 717 374 conspiciuntur.
746 318 975 375 Descriptio
1011 319 1137 362 multa
1169 319 1311 377 periit,
1347 319 1460 377 quod
1484 332 1603 378 poeta
1630 321 1795 365 caedem
1824 323 2031 367 Pharsali-

145 396 235 424 cam
261 383 303 424 in
333 385 512 427 carmine
528 386 664 429 noluit
691 386 1078 452 depingeregVII,
1106 389 1201 432 552.

361 476 486 519 Hanc
514 477 626 537 fuge,
646 481 791 530 mens,
830 490 987 537 partem
1025 478 1121 519 belli
1152 478 1402 536 tenebrisque
1434 481 1643 540 relinque,

363 545 572 605 Nullaque
607 561 810 593 tantorum
836 549 993 600 discat,
1022 563 1086 589 me
1114 559 1229 599 vate,
1251 549 1488 600 malorum,

357 615 499 673 *Quam
527 617 699 661 muitum
725 618 840 660 bellis
880 617 997 670 liceat
1020 617 1243 667 civilibus,
1275 629 1394 659 aetas.

360 686 436 727 Ah
467 688 599 743 potius
633 699 812 745 pereant»
830 688 1060 744 lacrymaess,
1088 697 1331 744 pereantque
1361 678 1568 745 querelae!

366 754 579 812 Quidquid
606 758 648 797 in
669 757 745 798 hac
772 756 857 799 acie
878 755 1061 812 gessisti.
1095 755 1258 806 Roma,
1289 756 1443 797 tacebo.

139 840 201 882 At
228 856 372 900 parum
407 845 484 886 sibi
504 857 693 888 constans
716 846 780 897 id,
804 845 919 904 quod
949 856 1144 887 certatum
1185 857 1242 888 est
1258 844 1368 904 apud
1401 846 1658 900 Massiliam,
1692 848 1746 889 ita
1788 848 2024 911 descripsit,

137 928 183 959 ut
206 913 365 957 insolita
394 914 527 956 dicere
553 916 742 957 laborans
759 946 772 967 ‚
802 914 971 956 ridenda
1005 915 1146 958 ederet.
1207 917 1274 959 Sic
1299 917 1398 967 ΙΙΙ,
1423 917 1524 972 587.

351 1010 489 1066 Terga
516 1011 638 1052 simul
657 1007 808 1066 pariter
839 1009 1035 1052 missiset
1067 1021 1228 1066 pectore
1255 1010 1340 1053 telis

356 1077 614 1136 Transigitur
644 1078 823 1136 (Tagus)
854 1077 987 1120 medio
1006 1078 1223 1120 *concurrit
1252 1089 1413 1137 pectore
1440 1078 1623 1130 ferrum,

353 1148 409 1188 Et
434 1152 549 1190 stetit
582 1152 757 1191 incertus
771 1151 923 1202 flueret
952 1164 1032 1203 quo
1058 1151 1221 1190 vulnere
1248 1151 1444 1205 sanguis,

354 1218 498 1260 Donec
529 1230 720 1274 utrasque
741 1220 872 1261 <simul
897 1221 1035 1276 largus
1067 1233 1187 1261 cruor
1222 1221 1378 1275 expulit
1411 1220 1579 1270 hastae,

351 1288 580 1342 :Divisitque
614 1291 794 1329 animam
819 1290 1048 1342 sparsitque
1075 1291 1116 1329 in
1142 1290 1303 1328 vulnera
1333 1291 1474 1332 letum.

129 1357 255 1400 Adde
290 1354 388 1398 ibid.
418 1372 455 1396 v.
497 1357 578 1397 625
608 1355 659 1397 de
696 1357 821 1398 altero
846 1356 1048 1413 Cynegiro
1066 1387 1077 1408 ,
1106 1356 1173 1399 cui
1198 1371 1291 1397 cum
1321 1368 1491 1413 utraque
1516 1372 1664 1401 manus
1691 1358 1866 1403 abscissa
1899 1374 2020 1412 esset,

349 1423 551 1484 Sanguine
578 1425 615 1466 e't
644 1424 854 1476 hostilem,
883 1424 1043 1468 defectis
1073 1426 1220 1467 robore
1246 1424 1471 1478 membris,

345 1498 540 1544 Insiluit,
570 1499 655 1536 solo
685 1499 895 1538 nociturus
917 1499 1093 1551 pondere
1113 1500 1293 1551 puppim.

125 1562 250 1607 Adde
274 1562 383 1616 640,
414 1563 496 1607 652
512 1575 558 1605 vet
594 1578 705 1621 seqq.

206 1656 258 1696 In
286 1654 684 1710 comparationibus7
714 1654 825 1712 quod
841 1670 967 1714 genus
985 1653 1266 1713 descriptionis
1291 1654 1410 1696 altius
1427 1666 1506 1705 est,
1537 1654 1699 1698 videtur
1726 1673 1772 1698 eo
1788 1658 2020 1700 incubuisse

124 1725 315 1767 Lucanus
346 1735 386 1765 ut
403 1723 535 1764 minus
554 1723 644 1765 trita
674 1739 796 1780 quam
825 1725 1061 1765 bellatorem
1085 1723 1192 1765 leoni
1221 1734 1290 1763 aut
1309 1722 1407 1777 lupo
1424 1724 1557 1778 rapaci
1577 1726 1637 1765 vel
1658 1727 1840 1767 virorum
1859 1728 2021 1783 copiam

126 1794 268 1850 apibus
289 1793 487 1835 >collatam
520 1804 593 1833 etc.
619 1793 815 1848 proferret
846 1794 923 1844 ”).
985 1793 1131 1848 Neque
1163 1791 1244 1840 sic,
1271 1801 1315 1830 ut
1343 1790 1549 1831 Homerus
1581 1805 1622 1832 -et
1653 1794 1852 1850 Virgilius
1872 1825 1883 1842 ‚
1914 1812 2016 1850 quae

124 1863 347 1904 ornamenti
375 1876 494 1903 causa
523 1873 678 1904 tantum
707 1860 860 1902 adscita
885 1859 985 1900 nihil
1017 1859 1068 1902 ad
1093 1857 1434 1915 comparationem
1464 1859 1639 1911 faciunt,
1676 1876 1872 1917 exponere
1898 1863 2013 1906 solet.

121 1932 307 1981 Verum,
344 1929 496 1971 nedum
538 1930 577 1971 in
620 1930 809 1972 omnibus
836 1927 1066 1970 laudandus
1102 1927 1179 1981 sit,
1210 1926 1251 1967 in
1291 1940 1449 1983 quaque
1488 1929 1566 1967 fore
1598 1918 1752 1984 aliquid
1782 1919 2011 1977 'claudicem

120 2002 186 2042 Ita
210 2001 326 2044 Libr.
358 2000 443 2046 IV.
481 2000 631 2041 bellum
656 1999 700 2040 in
725 1998 926 2056 Hispania
950 2012 1022 2055 per
1044 1996 1212 2054 aliquod
1238 2008 1391 2052 tempus
1421 2008 1547 2037 cessat
1560 2014 1574 2046 3
1603 1997 1748 2039 milites
1768 2010 1806 2040 et
1831 1999 2012 2043 Caesaris

214 2155 254 2198 ⁴¹)
303 2155 450 2189 Durum
485 2154 569 2198 (bae
596 2151 734 2199 ᾥατίε,
767 2151 907 2196 Θίείῖε,
943 2151 1064 2200 rigor)
1090 2151 1132 2187 in
1153 2150 1290 2186 litter-is
1320 2155 1359 2186 et
1393 2148 1536 2195 artibus
1569 2149 1671 2185 molli
1701 2150 1795 2192 (bem
1828 2149 2007 2196 ἓείῲτεη,

304 2214 556 2259 anutbigen)
586 2212 726 2260 opponi
749 2212 859 2248 solet.

189 2313 256 2355 Η)
281 2311 379 2345 Mire
404 2322 489 2345 cum
518 2306 718 2354 Cyclopibus
751 2319 830 2353 opes
856 2313 1048 2353 comparat
1085 2307 1193 2342 Maro
1228 2305 1267 2340 in
1287 2303 1403 2340 nobili
1429 2303 1512 2341 loco
1539 2307 1681 2354 Georg.
1720 2308 1806 2352 IV,
1841 2308 1930 2353 176,
1972 2314 2013 2345 et

282 2376 496 2421 opportune
524 2368 675 2419 quidem
697 2366 776 2405 ait:
799 2367 831 2402 si
851 2376 959 2413 parva
994 2366 1067 2402 licet
1097 2375 1299 2413 componere
1329 2364 1480 2410 magnis,

1820 2436 1848 2479 4
