2337 3088
1047 238 1088 294 )(
1147 237 1201 292 ¹5
1254 238 1291 291 )(

216 348 294 400 Ad
319 350 458 393 locum
484 345 594 387 hun'c
614 339 759 384 Nostri
778 339 997 397 respexisse
1021 336 1183 383 videtur
1204 337 1354 381 Florus
1378 336 1558 394 Epitom.
1583 339 1684 382 Rer.
1709 340 1934 383 Romanar.
1960 341 2052 391 IV,
2081 355 2119 384 2.

218 418 430 478 „Caesaris
457 418 594 464 tutor,
621 411 782 470 inquit,
806 422 926 469 atque
945 409 1128 466 Pompeii
1158 409 1300 452 urbem
1316 438 1328 460 ‚
1352 408 1538 459 Italiam,
1566 421 1702 467 gentes
1718 442 1729 463 ‚
1756 414 1965 463 nationes,
1992 422 2121 453 totum

222 494 424 547 denique,
454 499 537 543 qua
559 482 751 540 patebat,
781 481 1002 539 imperium
1024 479 1203 538 quodam
1237 478 1353 536 quasi
1391 477 1547 521 diluvio
1596 479 1635 521 et
1675 481 1993 525 inflammatione
2024 496 2123 524 cor-

220 559 373 619 ripuit3
407 552 509 598 adeo
553 563 600 596 ut
635 567 720 594 non
762 563 869 594 recte
900 562 1058 593 tantum
1084 552 1199 591 civile
1225 547 1410 599 dicatur,
1454 561 1501 589 ac
1541 561 1591 589 ne
1634 552 1785 592 sociale
1826 551 2018 608 quidem,
2046 564 2120 592 nec

217 642 454 677 externum,
483 623 555 666 sed
593 623 731 683 potius
761 635 972 664 commune
1003 616 1214 675 quoddam
1248 631 1295 659 ex
1340 615 1529 658 omnibus
1570 627 1608 657 et
1640 619 1732 673 plus
1776 634 1898 673 quam
1935 623 2121 662 bellum.“

213 701 375 746 Verum
396 692 660 753 'prooemium
695 692 774 734 hoc
802 703 933 733 totum
960 702 1234 746 apponamus:

438 801 553 846 Bella
577 813 649 858 per
683 796 895 841 Emathios
928 796 1020 855 plus
1053 810 1180 854 quam
1217 794 1352 838 civilia
1386 808 1550 852 campos

438 873 594 928 Iusque
623 867 766 910 datum
794 866 933 909 sceleri
963 866 1147 908 canimus
1164 895 1176 916 ,
1203 864 1482 922 populumque
1509 876 1713 922 potentem

436 940 489 982 In
519 953 591 980 sua
616 935 775 979 victrici
812 949 1057 976 conversum
1088 935 1242 976 viscera
1274 933 1443 985 dextra,

434 1004 852 1066 Cognatasqueacies
870 1020 883 1052 ;
911 1015 975 1053 et,
1007 1015 1131 1060 rupto
1158 1002 1317 1043 foedere
1358 1003 1498 1059 regni,

437 1078 648 1120 Certatum
675 1073 769 1117 totis
798 1073 985 1114 concussi
1015 1072 1171 1113 viribus
1207 1071 1318 1113 orbis

438 1149 492 1189 In
522 1159 740 1188 commune
770 1144 907 1192 nefas;
933 1142 1168 1199 infestisque
1202 1140 1324 1182 obvia
1362 1140 1486 1198 signis

437 1216 589 1271 Signa,
614 1225 730 1269 pares
759 1211 942 1267 aquilas,
973 1220 1010 1250 et
1044 1210 1128 1267 pila
1157 1208 1353 1250 minantia
1386 1208 1493 1265 pilis.

212 1327 280 1370 De
332 1322 480 1366 ultimo
523 1333 668 1369 versu,
709 1318 812 1358 mira
859 1315 1077 1357 somniavit
1121 1316 1319 1363 lev-erus,
1362 1312 1432 1369 qui
1491 1327 1572 1354 non
1631 1313 1734 1356 vidit
1779 1328 1893 1371 pares
1941 1315 2120 1372 aquilas,

213 1397 533 1455 appositionem,
565 1401 610 1432 ut
643 1382 1116 1436 Grammaticizdicunt,
1144 1383 1281 1425 vocis:
1313 1386 1433 1440 signa
1464 1396 1560 1426 esse.
1601 1382 1725 1440 Signa
1754 1383 1863 1424 enim
1898 1382 1938 1425 in
1972 1383 2127 1426 hostem

212 1467 351 1515 illata,
386 1472 498 1504 erant
523 1458 711 1516 aquilae,
745 1470 862 1513 panes
899 1454 1061 1495 alterius
1090 1453 1190 1494 aciei
1219 1452 1342 1508 signis
1374 1455 1416 1504 ἰ)

221 1605 610 1622 θ

315 1690 357 1731 ‘'1)
382 1690 443 1723 De
469 1683 632 1721 diversis
654 1682 774 1717 totius
797 1679 957 1727 legionis
978 1683 1015 1713 et
1033 1676 1244 1712 cohortium
1269 1675 1503 1725 singularum
1528 1676 1644 1724 signis
1667 1676 1809 1724 (aquila
1834 1676 1976 1712 scilicet
1997 1677 2125 1724 legio-

382 1747 443 1784 nis
468 1746 671 1781 universae
692 1743 841 1790 signum
861 1741 944 1783 fuit)
971 1739 1029 1774 hic
1055 1744 1167 1786 poeta
1188 1739 1357 1786 cogitare
1382 1749 1460 1774 non
1483 1736 1611 1786 potuit
1624 1762 1635 1780 ,
1665 1747 1750 1771 cum
1777 1735 1839 1772 vel
1858 1736 1898 1771 in
1918 1736 2126 1774 minoribus

380 1806 455 1840 illis
484 1804 669 1846 haerens,
701 1808 764 1837 aut
790 1812 973 1848 quaenam
998 1798 1092 1834 haec
1118 1800 1225 1846 signa
1254 1799 1467 1836 cohortium
1494 1798 1654 1834 fuissent
1671 1825 1682 1842 ,
1706 1798 1856 1841 dicere,
1886 1806 1948 1833 aut
1978 1798 2127 1847 epithe-

377 1872 484 1901 tum:
508 1865 680 1898 Romana
704 1870 746 1897 ut
775 1865 817 1905 Ι,
841 1860 928 1900 244.
956 1858 1094 1894 addere
1123 1859 1327 1897 debuisset.
1378 1864 1424 1896 In
1452 1859 1524 1895 hoc
1553 1860 1696 1896 scilicet
1719 1866 1895 1895 versatur
1926 1867 2058 1907 poeta,
2084 1867 2127 1895 ut

376 1924 543 1961 declaret
569 1923 677 1970 signa
698 1922 873 1958 Romana
898 1920 1014 1968 signis
1037 1921 1221 1957 Romanis
1245 1922 1418 1970 opposita
1457 1933 1562 1964 esse;
1591 1933 1705 1969 quare
1732 1929 1926 1968 nuncupat
1963 1921 2126 1970 aquilas,

384 1991 500 2033 atque
523 1991 566 2018 ut
592 1995 653 2018 res
677 1982 798 2017 adhuc
823 1981 946 2028 magis
967 1980 1168 2028 perspicua
1195 1980 1283 2024 fiat,
1311 1982 1462 2017 subiicit
1489 1983 1559 2026 pila
1574 2009 1584 2025 ,
1611 1995 1705 2030 quae
1728 1985 1988 2018 Romanorum
2010 1990 2098 2018 sunt
2113 2010 2124 2027 ‚

383 2052 428 2081 ut
450 2055 564 2092 gaesa
585 2040 784 2077 Gallorum
798 2068 809 2085 ‚
836 2041 995 2076 sarissae
1015 2039 1282 2078 Macedonum.
1297 2042 1755 2089 Nostramsententiam,
1781 2043 1981 2080 confirmat
2002 2046 2123 2090 ratio,

377 2117 454 2155 qua
483 2104 577 2139 haee
619 2101 739 2138 verba
770 2103 969 2138 coniunxit
997 2105 1141 2137 Fronto
1164 2101 1209 2137 de
1246 2103 1420 2139 Oration.
1456 2102 1542 2139 libr.
1578 2104 1634 2140 ΙΙ.
1670 2109 1770 2150 part.
1803 2106 1838 2141 Ι.
1873 2116 1911 2152 p,
1941 2105 2024 2141 249.
2066 2104 2126 2141 ed.

371 2162 620 2203 Francofurt.
671 2163 876 2210 Postquam
924 2162 1026 2197 enim
1071 2163 1215 2199 Lucani
1268 2162 1534 2199 abundantiam
1574 2175 1760 2212 carpens,
1800 2164 1944 2201 verba:
1999 2165 2129 2211 infestis

372 2226 473 2261 obvia
518 2224 630 2269 sIgnIe
672 2223 774 2268 signa
827 2222 898 2266 (sic
933 2222 1035 2258 enim
1083 2223 1202 2259 codex
1251 2222 1364 2258 habet
1379 2240 1389 2267 5
1431 2223 1532 2270 signa
1579 2223 1703 2259 Maius
1751 2225 1898 2271 omisit)
1944 2230 2125 2274 tanquam

378 2287 549 2335 quintam
587 2286 840 2330 sententiam,
877 2296 973 2333 quae
1013 2296 1131 2320 unum
1179 2283 1260 2321 sere
1302 2290 1433 2329 sonet,
1468 2285 1665 2330 laudavit,
1704 2297 1840 2323 voces:
1876 2288 1995 2332 signa,
2027 2298 2127 2331 pares

375 2347 507 2392 aquilas
547 2352 718 2391 sextam,
761 2353 803 2382 ut
849 2345 902 2382 ait
945 2345 1120 2382 Herculis
1159 2356 1407 2390 aerumnam,
1448 2344 1578 2383 affiert.
1616 2347 1795 2386 Ceterum
1843 2348 1876 2385 is
1924 2348 2126 2384 Frontonis

380 2404 484 2440 locus
519 2418 603 2442 cum
642 2406 724 2443 aliis
770 2408 809 2444 in
847 2408 1101 2457 palimpsestis
1142 2420 1164 2443 a
1202 2408 1306 2442 Maio
1350 2405 1514 2444 feliciter
1553 2406 1751 2455 detectus,
1797 2409 1872 2447 hoc
1910 2409 2123 2446 Pharsaliae

386 2464 539 2504 initium
581 2458 789 2517 genuinum
820 2480 902 2507 esse
935 2468 1178 2508 manifestum
1201 2466 1307 2505 facit.
