2337 3088
1040 210 1081 265 )(
1143 224 1194 257 10
1252 213 1291 266 )(

209 317 328 360 Haec
370 316 588 358 nonnullos
619 314 813 355 tumultus
851 313 954 353 inter
993 312 1228 370 Philologos
1270 316 1514 366 moverunt,
1548 329 1783 372 quaerentes
1815 317 1914 376 quid
1951 317 2111 361 tandem

211 388 405 429 Lucanus
443 386 519 427 sibi
562 382 851 439 proposuisset.
912 380 1037 438 Quod
1082 394 1217 423 censet
1258 381 1471 424 Iacobsius
1522 383 1565 425 in
1605 389 1783 444 scripto:
1829 388 2035 444 ἳζαώῐτᾶςε
2072 404 2115 444 gu

214 460 374 509 &algere
403 455 558 506 &henric
592 451 717 493 Tom.
752 451 859 496 VII.
886 463 988 509 part.
1028 466 1065 493 2.
1094 467 1187 508 pag.
1215 454 1311 507 347.
1348 451 1390 493 in
1416 453 1553 495 animo
1585 455 1800 501 Lucanum
1824 458 2011 501 habuisse
2042 469 2116 509 „ut

211 522 331 565 caede
357 521 542 563 Caesaris
570 521 891 580 triumphantem
918 520 1088 578 denique
1112 521 1336 562 libertatem
1361 528 1548 564 caneret“
1609 525 1752 581 primis
1781 529 1941 570 verbis:
1972 531 2111 584 iusque

211 595 355 634 datum
397 593 536 632 sceleri
586 591 682 633 satis
725 605 923 647 superque
950 591 1156 637 refellitur.
1214 590 1341 632 Adde
1385 591 1454 641 id,
1491 593 1603 649 quod
1645 595 1844 651 Figulus,
1891 599 2114 654 astrologus

212 662 260 712 I,
290 658 372 702 668
402 658 622 717 portendit.

923 732 1085 775 Multos
1115 731 1238 772 exibit
1262 729 1303 770 in
1332 743 1458 770 annos

435 802 522 844 Hic
544 801 681 853 furor3
712 815 748 844 et
778 816 945 859 superos
974 801 1074 858 quid
1104 800 1267 857 prodest
1292 815 1455 857 poscere
1485 801 1639 840 finem?

438 870 545 913 Cum
573 869 741 913 domino
768 887 846 928 pax
875 872 950 914 ista
979 872 1100 914 venit.
1161 871 1283 921 Duc,
1312 869 1449 912 Roma
1472 901 1483 921 ,
1511 871 1711 914 malorum

438 940 685 981 Continuam
713 941 888 989 seriem3
918 939 1156 996 clademque
1182 941 1224 979 in
1256 951 1437 995 tempora
1469 941 1595 981 multa

436 1005 614 1048 Extrahe
633 1038 644 1059 ,
680 1007 791 1049 civili
818 1019 975 1050 tanturn
1008 1008 1089 1049 iam
1123 1008 1250 1049 libera
1276 1008 1398 1049 bello.

213 1103 276 1144 At
316 1100 413 1157 qui,
448 1112 493 1142 ut
534 1101 756 1144 Weberus
796 1101 959 1147 Prolus.
1004 1101 1044 1142 in
1076 1102 1230 1143 Lucan.
1276 1100 1458 1142 Pharsal.
1499 1118 1540 1157 p.
1586 1103 1628 1148 8.
1666 1103 1863 1145 libertatis
1897 1104 2115 1159 perniciem

213 1171 256 1212 in
286 1184 422 1227 pugna
451 1168 504 1210 ad
534 1169 747 1226 Philippos
777 1170 1004 1211 consectam
1030 1168 1329 1226 descripturum
1362 1184 1454 1210 eum
1488 1170 1609 1211 fuisse
1643 1171 1842 1221 sentiunt,
1883 1173 1977 1214 satis
2006 1187 2054 1212 ne
2088 1172 2115 1212 ii

215 1243 391 1284 unitatis
424 1238 651 1297 argumenti
678 1238 843 1279 fuerunt
881 1253 1103 1289 memores,
1130 1239 1227 1280 dum
1253 1253 1337 1279 rem
1367 1237 1406 1279 in
1435 1240 1575 1295 primis
1599 1239 1713 1280 libris
1737 1255 1759 1280 a
1777 1240 1947 1282 Caesare
1969 1254 2121 1299 gestam

217 1311 261 1351 in
300 1309 455 1352 ultimis
492 1311 686 1365 Augusto
723 1306 953 1363 gerendam·
981 1307 1241 1350 demandant.
1302 1310 1493 1351 Potuitne
1535 1325 1659 1366 porro
1699 1321 1816 1366 poeta
1868 1324 1979 1359 rem,
2018 1323 2120 1365 quae

218 1391 368 1437 septem
402 1391 529 1420 annos
560 1375 840 1432 complectitur
870 1379 1093 1433 705—712
1131 1392 1166 1418 a.
1196 1378 1251 1419 U.
1290 1378 1346 1420 ita
1372 1377 1652 1436 descripsisse,
1687 1391 1732 1420 ut
1764 1394 1843 1420 non
1871 1379 1995 1420 nimia
2028 1379 2120 1420 fac-

218 1464 356 1493 torum
398 1448 524 1490 moles
552 1446 714 1487 lectoris
760 1445 859 1485 aciei
904 1446 1141 1496 offerretur,
1170 1446 1243 1498 iis,
1284 1460 1387 1502 quae
1417 1446 1468 1486 ad
1500 1447 1754 1504 perspicuam
1809 1448 1865 1488 rei
1897 1448 2121 1504 expositio-

215 1534 309 1561 nem
355 1518 581 1575 pertinent,
619 1514 801 1557 servatis.
862 1515 1076 1573 Denique,
1118 1515 1160 1557 id
1206 1514 1317 1574 quod
1374 1527 1536 1557 senatus
1568 1516 1652 1572 ipse
1692 1529 1729 1558 et
1762 1517 1935 1574 populus
1979 1519 2123 1569 scivit,

218 1589 400 1630 scelusne
426 1586 510 1627 dici
544 1584 708 1641 potuit?
756 1583 902 1625 Caesar
936 1586 1197 1627 Rubiconem
1239 1585 1501 1634 traiiciendo,
1531 1585 1685 1640 legibus
1732 1598 1779 1625 ac
1819 1586 1972 1626 senatui
2016 1587 2121 1628 iniu-

221 1657 350 1706 riam,
377 1655 530 1712 patriae
558 1653 644 1695 vim
673 1653 835 1703 intulit;
865 1658 1076 1711 Augustus
1113 1655 1164 1696 ad
1201 1655 1411 1711 Philippos
1439 1655 1620 1704 bellans,
1653 1654 1778 1710 ipsius
1821 1668 1981 1697 senatus
2010 1655 2091 1697 dux
2109 1688 2121 1707 ‚

206 1725 377 1783 ,populo
401 1723 643 1780 instigante,
681 1722 862 1764 Caesaris
894 1723 1201 1779 percussoribus
1227 1723 1358 1764 instat.
1394 1723 1616 1780 Quomodo
1651 1737 1746 1764 cum
1782 1723 1843 1763 his
1870 1723 1992 1764 verba
2019 1724 2124 1766 initi-i

221 1796 462 1837 cohaerent:
491 1793 553 1834 ius
584 1791 724 1833 datum
762 1791 902 1833 sceleri
942 1793 1127 1834 canimus
1172 1796 1241 1848 ἢ.)
1281 1793 1399 1834 Nihil
1435 1793 1546 1834 aliud
1588 1808 1679 1834 mea
1711 1793 1933 1844 sententia,
1979 1793 2012 1834 si
2046 1793 2123 1834 sihi

318 1964 360 2008 ⁴¹)
387 1966 561 2001 Senatum
588 1968 669 2015 ipse
700 1979 850 2016 quoque
877 1969 1015 2002 Caesar
1043 1965 1294 2008 convocavit,
1321 1964 1386 2001 sed
1413 1966 1453 2001 vi
1478 1969 1626 1999 tantum
1655 1963 1766 1998 cessit
1795 1969 2032 2008 senatorum,
2061 1966 2124 2012 qui

389 2026 536 2062 Romae
565 2026 743 2072 aderant,
773 2027 935 2074 exiguus
961 2038 1156 2062 numerus.
1183 2024 1330 2060 Deinde
1357 2037 1442 2060 cum
1467 2024 1512 2060 de
1540 2023 1674 2071 legatis
1703 2022 1749 2059 ad
1781 2024 2001 2072 Pompeium
2027 2026 2123 2061 mit-

387 2086 513 2122 tendis
557 2098 644 2121 cuin
686 2090 845 2124 Caesare
874 2088 1177 2131 consensissent,
1224 2099 1336 2122 nemo
1377 2094 1576 2134 repertus,
1624 2086 1688 2133 qui
1726 2086 1764 2121 id
1812 2087 2006 2133 negotium
2043 2100 2127 2123 sus—

387 2148 552 2195 ciperet.
603 2147 661 2182 Cf.
695 2149 832 2184 Caesar
856 2147 952 2183 Bell.
977 2147 1089 2185 civil.
1119 2150 1210 2196 Cap.
1240 2152 1409 2187 XXXII.
1436 2157 1474 2185 et
1501 2162 1579 2199 seq.
1631 2150 1769 2196 Magna
1790 2161 1886 2185 vero
1910 2156 2125 2185 senatorum

387 2210 498 2256 eopia
528 2209 568 2243 in
598 2211 770 2256 Pompeii
811 2211 943 2244 castris
969 2217 1076 2253 erat,
1109 2210 1243 2258 quibus
1273 2223 1401 2246 rerum
1436 2222 1620 2245 summam
1652 2209 1832 2256 Pompeio
1864 2208 2004 2243 deferri
2026 2221 2126 2243 una-

388 2269 544 2307 nimiter
569 2270 725 2317 placuit.
752 2270 808 2308 Cf.
835 2270 1002 2307 Pliarsal.
1036 2273 1085 2308 V.
1115 2270 1160 2306 47
1192 2278 1230 2307 et
1266 2284 1346 2320 seq.
1382 2272 1441 2306 De
1474 2270 1714 2306 senatoribus
1742 2269 1781 2305 in
1810 2268 1928 2317 Epiro
1960 2267 2126 2305 collect-is

389 2342 479 2374 epos
505 2338 678 2367 nostrum
706 2344 790 2367 cum
816 2332 972 2368 historia
998 2332 1190 2380 congruit.
1239 2334 1299 2367 Ita
1328 2332 1429 2367 enim
1460 2332 1534 2368 Dio
1573 2332 1720 2367 Cassius
1755 2333 1869 2374 XLI,
1910 2329 1966 2364 18.
1999 2328 2126 2364 inter-

392 2396 531 2436 pretat.
581 2393 816 2430 Reimarian.
843 2392 944 2429 Edit.
994 2396 1122 2437 „Cum
1146 2406 1191 2429 eo
1224 2394 1439 2436 (Cicerone)
1464 2393 1525 2429 alii
1550 2392 1699 2441 quidam
1725 2397 1918 2427 senatores
1942 2387 1988 2423 ad
2011 2391 2126 2425 Porn—

395 2448 522 2497 peium
542 2451 704 2498 profecti
733 2460 846 2497 sunt,
874 2452 976 2503 quod
998 2465 1147 2489 causam
1171 2452 1236 2491 ille
1260 2453 1461 2499 justiorem
1479 2452 1579 2489 tueri
1601 2459 1639 2488 et
1658 2450 1758 2488 bello
1779 2450 1952 2497 superior
1973 2449 2126 2497 futurus
