2337 3088
1007 220 1071 297 )(s
1112 231 1167 276 27
1222 218 1260 274 )(

185 326 342 366 manno
375 318 559 363 umbram
598 318 754 363 efficere.
785 318 851 364 liic
884 317 994 363 idem
1032 332 1116 362 esse
1144 332 1192 362 ac
1232 321 1425 365 invidiam
1459 320 1588 365 facere
1622 331 1772 368 censet.
1806 321 1966 366 Verum
2002 324 2078 371 hoc

186 401 319 433 sensu
337 389 533 433 umbram
549 387 698 432 efficere
721 387 792 429 vel
791 391 953 446 facere
968 388 1036 430 vix
1057 387 1167 445 apud
1187 389 1400 445 scriptores
1428 391 1612 447 antiquos
1634 391 1809 448 repetias
1837 396 1893 448 ⁴¹).
1925 394 2083 437 Deinde

190 459 336 501 umbra
364 459 543 509 arboris,
569 473 652 500 non
686 470 731 500 ut
760 458 1008 500 invidiosum
1048 456 1118 498 sed
1146 456 1265 498 dulce
1310 458 1463 514 aliquid
1496 462 1559 502 vel
1602 462 1698 504 utile
1733 463 1932 518 signetur,
1964 480 2085 506 usur·

188 527 280 586 pari
318 527 417 571 solet
447 529 541 584 ”),·
596 543 718 586 quem
745 541 907 589 sensum
936 525 1033 568 huic
1061 538 1225 582 quoque
1261 525 1354 569 loco
1398 527 1545 570 tribuo.
1606 528 1806 573 Sententia
1848 543 1928 575 est:
1956 548 2083 589 1rae-
2124 536 2127 538 ’

187 595 339 641 sidium
369 610 407 641 et
435 596 552 657 opem
575 597 740 656 praebet
763 612 848 639 non
870 595 1015 638 foliis
1003 611 1030 637 1.
1061 609 1093 634 e.
1122 594 1284 636 iuventa
1319 609 1357 638 et
1385 596 1556 652 robore,
1594 596 1663 638 sed
1693 599 1882 658 dignitate
1913 614 1951 643 et
1980 618 2081 644 auc-

191 668 375 720 toritate,
397 683 496 726 quas
534 668 654 712 rebus
688 679 803 710 antea
835 661 953 724 gestis
980 664 1058 706 sibi
1087 663 1338 708 conciiiavit.
1374 677 1376 679 ·

222 743 225 747 ’
268 738 334 780 De
367 729 639 789 orationibus,
676 736 726 778 iis
767 735 818 777 de
849 730 998 792 quibus
1032 734 1147 791 prius
1190 735 1454 788 monuimus,
1500 752 1629 778 unum
1668 749 1824 780 tantum
1865 738 2079 782 addemus·

187 806 300 850 Libr.
330 808 377 849 ΙΙ
394 838 407 858 ,
440 808 547 856 530,
575 819 666 847 suas
695 803 748 845 ad
772 800 1001 844 Corfinium
1030 802 1247 859 Pompeius
1275 804 1412 861 copias
1439 805 1672 861 alloquitur.
1732 806 1952 851 sententias
1977 825 2082 867 quae

185 877 242 919 ihi
266 892 336 935 per
361 877 414 919 65
447 888 587 918 versus
610 884 780 931 repunt,
802 868 884 915 dux⁴
912 884 1074 915 nostrae
1099 872 1238 916 aetatis
1267 872 1328 915 his
1362 871 1442 915 sere
1469 875 1601 916 verbis
1632 869 1913 919 conclusisset·

267 944 529 1010 ‚,Seelerum,
559 956 663 1000 quae
690 941 887 984 Catilinae
922 956 968 984 ac
996 942 1160 997 Cethegi
1191 941 1345 983 rabiem
1368 942 1566 996 referunt,
1595 945 1733 998 vobis,
1760 948 2081 1002 commilitones,

183 1027 342 1058 senatus
372 1013 594 1055 vindictam
619 1012 890 1055 demandavit.
949 1012 1024 1054 Ad
1050 1011 1202 1052 Cinnas
1230 1022 1267 1050 et
1294 1005 1456 1052 Marios
1478 1011 1720 1055 descendens
1755 1016 1903 1057 Caesar
1928 1018 2082 1071 patriae

177 1087 282 1127 fines
312 1084 473 1130 invasit.
504 1083 665 1126 Gallica
692 1083 843 1125 iactans
871 1082 974 1124 bella
998 1082 1163 1125 Italiam
1187 1078 1458 1139 aggreditur
1446 1095 1507 1132 ts,
1529 1082 1599 1139 qui
1626 1082 1763 1126 Rheni
1798 1083 1898 1143 fugit
1925 1085 2081 1141 undas,

184 1153 556 1212 Britannorumque
595 1163 801 1210 aspectum
835 1152 1028 1193 sustinere
1067 1149 1153 1193 non
1194 1150 1334 1193 valuit.
1394 1150 1456 1191 At
1505 1166 1577 1191 vos
1617 1163 1655 1193 et
1701 1165 1766 1191 me
1802 1152 1908 1193 male
1941 1156 2082 1206 novit,

187 1225 351 1268 milites.
412 1216 562 1265 Vester
591 1220 672 1261 dux
692 1250 704 1270 ‚
745 1222 814 1276 qui
845 1220 1132 1263 Mithridatem
1167 1231 1204 1261 et
1234 1220 1378 1261 Cilices
1413 1233 1450 1261 et
1479 1220 1740 1276 Cappadoces
1777 1234 1815 1264 et
1855 1224 2019 1266 Arabas
2042 1232 2081 1267 et

185 1291 362 1338 Colchos
399 1299 438 1334 et'
462 1288 698 1334 Heniochos
736 1300 774 1331 et
801 1289 962 1332 Tauros
1001 1301 1039 1332 et
1079 1288 1301 1331 Armenios
1340 1286 1525 1340 domuit,
1572 1304 1619 1331 ac
1651 1289 1752 1332 nihil
1798 1289 1960 1334 Caesari
2004 1291 2080 1335 nisi

183 1363 337 1406 bellum
359 1361 477 1403 civile
508 1359 692 1417 reliquit,
720 1371 829 1401 nunc
854 1373 1038 1416 quoque,
1067 1359 1251 1417 quamvis
1284 1368 1410 1398 aetate
1438 1371 1653 1414 provectus
1673 1390 1684 1410 ‚
1710 1361 1841 1416 pilum
1866 1361 2079 1402 vobiscum

183 1445 343 1478 strenue
373 1428 589 1486 torquebit.
621 1427 811 1484 Agedum
839 1426 881 1468 in
910 1429 1116 1470 scelestam
1150 1423 1275 1469 aciem
1312 1425 1507 1481 impetum
1539 1427 1679 1470 demus
1695 1446 1708 1478 3
1747 1433 1859 1487 signa
1899 1424 2080 1482 movete,

183 1500 478 1548 commilitones
490 1515 506 1550 3
524 1498 622 1541 haec
642 1509 811 1541 tessara:
835 1511 908 1540 vae
929 1496 1092 1539 Caesari
1109 1493 1215 1538 hosti
1234 1492 1409 1552 patriae!
1431 1512 1498 1555 per
1522 1511 1659 1540 omnes
1673 1498 1833 1541 ordines
1851 1499 2080 1557 provolet.“

262 1585 353 1626 Iam
377 1584 476 1624 haec
499 1593 561 1624 tot
588 1583 720 1623 verbis
746 1582 841 1622 eluit
859 1583 1048 1623 Lucanus
1064 1610 1075 1630 ‚
1102 1592 1148 1621 ut
1170 1581 1240 1637 qui
1268 1580 1341 1635 his,
1357 1582 1604 1638 temperibus
1635 1582 1692 1623 sic
1719 1582 2080 1633 diceret‚militum

180 1653 366 1698 ardorem
394 1652 528 1709 potius
552 1651 810 1705 restingueret
840 1666 962 1725 quam
997 1650 1190 1695 incitaret.
1219 1650 1366 1707 Neque
1390 1663 1483 1708 post
1518 1663 1600 1694 tam
1630 1647 1822 1710 frigidam
1854 1651 2077 1695 orationem

180 1724 331 1796 mirum
358 1718 512 1777 aliquid
537 1718 659 1759 hahet
688 1716 798 1774 quod
830 1717 1038 1774 sequitur·

397 1786 540 1829 Verba
574 1783 688 1825 ducis
714 1784 827 1824 nullo
854 1795 984 1839 partes
1016 1784 1192 1826 clamore
1220 1798 1441 1843 sequuntur
1466 1817 1478 1837 ,

395 1857 485 1899 Nec
514 1865 671 1897 matura
699 1865 838 1912 petunt
865 1854 1086 1911 promissae
1110 1853 1278 1897 classica
1308 1868 1466 1913 pugnae
1502 1866 1576 1897 etc.

188 1989 196 1995 .
222 2010 259 2050 *)
284 2004 393 2043 Alius
415 1995 566 2051 generis
594 2006 649 2036 est
676 1999 780 2036 locus
807 1999 902 2036 Silii
909 1999 1035 2037 Italici
1061 2002 1184 2046 XIV,
1212 1999 1295 2036 282.

406 2066 456 2099 Et
479 2061 731 2098 Salaminiacis
770 2068 948 2110 quantam
986 2063 1169 2111 Eoisque
1177 2060 1362 2108 Tropaeis

405 2123 566 2172 Ingenio
593 2129 725 2171 portus
749 2122 846 2158 urbs
860 2123 965 2159 invia
979 2120 1103 2169 fecerit
1129 2123 1305 2159 umbram,

405 2184 472 2222 ubi
493 2181 665 2220 umbram
698 2180 822 2217 facere
834 2207 845 2227 ,
865 2194 942 2217 non
947 2180 1126 2220 adhibita
1146 2181 1429 2232 comparatione.
1448 2193 1531 2219 cum
1556 2182 1712 2228 arbore,
1727 2181 1873 2221 laudem
1896 2183 2070 2220 minuere

452 2242 652 2292 significat.

188 2305 302 2371 sn)
309 2318 456 2369 Efficere
484 2317 546 2354 hic
568 2316 613 2354 de
636 2315 770 2353 umbra
812 2315 957 2353 arboris
979 2322 1022 2352 ut
1040 2315 1157 2364 secere
1180 2315 1358 2365 Georgic
1387 2316 1454 2362 11,
1483 2316 1543 2353 57.

278 2385 415 2430 Iam,
444 2390 556 2440 quae
575 2377 778 2415 seminibus
802 2377 932 2422 iactis,
965 2390 1006 2414 se
1034 2378 1187 2414 sustulit
1222 2376 1358 2421 mbos,

311 2438 435 2479 Tarda
461 2434 588 2485 venit,
616 2438 708 2475 seris
733 2436 877 2485 factura
906 2436 1106 2488 nepotibus
1138 2436 1325 2476 umbram
