2337 3088
1091 182 1309 246 )(4)(

236 294 522 339 argumentum
563 283 753 340 exposui,
799 280 1115 339 pervestigandis
1162 278 1349 332 deditus,
1391 281 1433 321 in
1485 283 1563 324 fine
1611 283 1733 327 huius
1786 278 2137 324 commentationis

238 349 411 394 docebo.

324 442 539 500 Quidquid
572 440 623 484 de
649 442 764 501 epica
790 444 901 501 poesi
924 442 1231 502 disputaverunt
1256 441 1410 500 antiqui
1427 442 1514 485 leve
1541 443 1583 483 in
1609 443 1843 485 universum
1872 453 1992 499 atque
2020 453 2146 498 man-

238 526 329 551 cum
354 523 424 555 est.
458 511 603 562 Haec,
634 525 680 554 ut
711 515 762 554 ab
788 529 871 555 uno
902 517 1034 554 discas
1057 528 1215 564 omnes,
1247 512 1407 553 disserit
1437 511 1623 554 doctrina
1646 524 1684 553 et
1711 514 1873 571 ingenio
1904 510 2144 553 venerabilis

235 582 300 622 ilie
326 581 568 624 Aristoteles
594 582 690 627 Ast.
730 595 836 640 poet.
859 597 946 641 cap.
975 582 1033 627 V.
1062 582 1268 639 interpret.
1329 584 1556 625 Hermann.
1620 581 1774 638 „Epica
1802 582 1958 638 poesis,
1985 579 2142 637 inquit,

238 652 410 710 exceptis
441 664 601 694 tantum
632 664 759 693 metro
785 662 823 694 et
851 650 1034 693 oratione
1061 665 1108 693 eo
1135 666 1231 693 cum
1262 653 1468 712 tragoedia
1508 655 1549 708 ⁴¹)
1581 651 1797 701 convenit,
1829 650 1943 708 quod
1969 649 2139 691 imitatio

237 734 294 763 est
326 733 601 763 strenuorum.
635 722 731 762 Hoc
765 732 898 762 autem
928 720 1067 763 differt
1104 722 1156 763 ab
1185 737 1257 774 ea,
1285 721 1396 780 quod
1419 727 1593 765 metrum
1621 722 1791 779 simplex
1824 721 1946 762 habet
1974 733 2012 763 et
2039 735 2142 761 nar—

235 792 394 833 ratione
425 803 584 833 constat
597 808 613 840 ;
636 803 719 832 tum
744 791 864 831 etiam
886 791 1153 848 longitudine.
1185 791 1264 833 Illa
1290 791 1398 832 enim
1426 797 1625 850 quantum
1652 803 1784 848 potest
1811 805 1894 834 uno
1930 791 2026 833 solis
2058 790 2142 831 cir-

237 861 349 905 cuitu
377 861 536 904 absolvi
565 861 751 913 laborat,
788 871 857 902 aut
888 859 1072 918 paullum
1104 860 1293 904 excedere
1309 879 1323 912 3
1349 861 1510 920 epicum
1532 877 1678 920 poema
1706 873 1840 905 autem
1868 852 2047 917 tempore
2070 858 2142 900 in-

233 931 394 972 finitum
412 943 483 972 est.
509 931 574 972 Eo
602 945 766 989 quoque
793 930 929 973 differt
943 948 955 980 3
971 946 1208 989 quanquam
1235 931 1351 972 initio
1377 930 1526 988 pariter
1549 930 1593 972 id
1619 931 1661 971 in
1692 929 1908 988 tragoediis
1935 929 2138 971 faciebant

232 1014 353 1058 atque
385 1001 428 1042 in
449 1001 573 1058 epicis
600 1001 866 1042 carminibus.
900 1001 1040 1042 Partes
1065 1012 1199 1042 autem
1223 1001 1321 1042 alias
1347 1015 1585 1042 communes
1607 1001 1756 1043 habent
1770 1019 1784 1051 3
1800 1001 1898 1043 alias
1929 999 2134 1058 tragoedia

232 1069 434 1126 proprias.
495 1070 636 1126 Quare
662 1070 731 1126 qui
758 1070 987 1127 tragoediae
1019 1070 1185 1112 virtutes
1219 1081 1255 1110 et
1290 1069 1388 1110 vitia
1426 1068 1561 1118 norit,
1602 1068 1717 1111 novit
1755 1069 1876 1110 etiam
1908 1068 2011 1125 epici
2045 1084 2140 1110 ear-

232 1138 370 1181 minis.
431 1140 551 1199 Quae
572 1141 681 1181 enim
713 1139 875 1198 epicum
906 1153 1067 1181 carmen
1095 1138 1243 1189 babet,
1272 1148 1366 1180 sunt
1393 1136 1436 1177 in
1460 1136 1691 1197 tragoedia;
1711 1152 1814 1197 quae
1847 1149 1982 1180 autem
2013 1137 2136 1189 hacc,

230 1221 315 1247 non
341 1208 479 1248 omnia
516 1210 558 1249 in
589 1211 705 1265 epico
743 1210 966 1251 carmine.“
1026 1209 1143 1265 Quae
1182 1222 1306 1264 quam
1344 1208 1581 1263 perturbate
1617 1208 1726 1248 dicta
1757 1208 1836 1249 sint
1869 1209 1972 1248 bene
1993 1222 2141 1258 sanus,

231 1275 406 1333 opinor,
436 1292 558 1320 nemo
592 1293 676 1321 non
706 1277 829 1320 videt.
888 1278 1145 1321 Exteriorem
1187 1277 1294 1318 enim
1340 1275 1404 1320 vel
1445 1274 1720 1319 voluntariam
1753 1273 1944 1318 carminis
1977 1276 2135 1334 Iegem,

229 1357 406 1388 metrum
445 1348 623 1400 scilicet,
655 1362 748 1390 cum
771 1351 962 1391 interiore
999 1348 1064 1390 vel
1099 1347 1345 1399 necessaria,
1380 1346 1510 1405 qualis
1545 1358 1604 1390 est
1629 1347 1835 1399 narratio,
1869 1362 2015 1405 parum
2043 1337 2136 1405 apte

230 1418 452 1476 coniungit.
484 1421 553 1471 ”)
609 1417 675 1459 De
705 1418 937 1459 narratione
964 1432 1063 1459 vero
1085 1448 1096 1468 ‚
1133 1432 1220 1458 rem
1261 1417 1400 1474 paullo
1448 1417 1654 1473 copiosius
1702 1429 1873 1459 tractare
1916 1416 2131 1467 debuisset.

226 1485 390 1528 Etenim
420 1487 462 1528 in
493 1487 640 1530 sabulis
668 1501 834 1546 quoque
866 1488 935 1537 fit3
963 1502 1106 1528 verum
1133 1487 1190 1527 ibi
1217 1499 1382 1529 narrant
1404 1502 1600 1544 personae
1617 1518 1630 1539 ,
1663 1486 1763 1529 dum
1788 1488 1829 1528 in
1859 1487 1981 1544 epicis
2008 1498 2135 1543 poeta

226 1558 290 1599 vel
309 1558 396 1614 ipse
420 1570 566 1599 narrat
582 1587 594 1607 ,
610 1557 674 1597 vel
697 1569 928 1598 narrantem
953 1557 1078 1598 aiium
1102 1561 1273 1599 inducit.
1303 1556 1369 1598 De
1390 1556 1539 1613 quibus
1561 1558 1720 1599 cautius
1735 1557 1853 1599 Plato
1873 1558 1923 1598 de
1947 1559 2129 1615 Repubi.

225 1626 321 1668 libr.
350 1626 434 1667 111.
455 1641 547 1683 pag.
576 1638 670 1670 122.
701 1623 891 1667 Bekker:
949 1625 1176 1677 „Existimo
1201 1625 1272 1667 tibi
1296 1623 1594 1678 (Adimantum
1619 1639 1764 1682 nempe
1792 1627 2025 1684 compellat)
2052 1627 2136 1670 iam

223 1709 338 1736 nunc
359 1695 542 1752 aperire,
579 1694 690 1751 quod
714 1696 755 1736 in
784 1694 1056 1755 superioribus
1084 1696 1288 1752 percipere
1312 1708 1394 1734 non
1428 1694 1620 1744 valebas,
1647 1691 1801 1751 poesim
1845 1695 2032 1737 videlicet
2064 1697 2130 1737 fa-

220 1763 499 1821 bularumque
541 1765 729 1823 figmenta
762 1777 833 1806 aut
876 1778 962 1807 esse
1002 1765 1171 1807 omnino
1208 1779 1280 1821 per
1324 1764 1622 1815 imitationem,
1653 1761 2001 1820 quemadmodum
2048 1765 2135 1821 ipse

223 1831 414 1887 dicebas,
447 1832 490 1874 in
519 1833 726 1892 tragoedia
760 1846 881 1894 atque
911 1834 1153 1886 comoedia3
1187 1846 1257 1878 aut
1294 1849 1368 1892 per
1405 1833 1722 1877 enuntiationem
1756 1846 1896 1892 poetae
1929 1835 2131 1893 proferri,

321 1979 365 2024 *)
393 1980 526 2015 Latina
565 1993 635 2028 pro
657 1983 812 2017 Graecis
840 1980 1019 2019 dantibus
1049 1979 1180 2025 nobis,
1215 1992 1304 2024 oro,
1336 1980 1450 2016 venia
1486 1979 1619 2025 detur,
1649 1992 1736 2016 cum
1773 1982 1812 2017 in
1844 1980 1915 2018 hoc
1948 1982 2130 2031 antiquo,

392 2041 575 2075 Romano
599 2053 752 2088 prorsus
773 2041 936 2091 oppido,
965 2044 1135 2078 Graecae
1155 2041 1371 2078 litterarum
1402 2041 1546 2079 formae
1574 2042 1621 2078 ad
1655 2041 1895 2080 excudendus
1916 2042 2036 2079 libros
2058 2041 2132 2078 de·-

387 2099 617 2137 siderentur.

314 2182 521 2228 '*)Met1·i
561 2186 790 2223 varietatem
817 2188 855 2225 in
897 2187 1091 2237 tragoedia
1116 2201 1187 2238 pro
1221 2190 1402 2239 primaria
1443 2198 1483 2229 et
1529 2192 1742 2230 necessaria
1779 2191 1998 2242 tragoediae
2039 2196 2129 2227 nota

385 2247 635 2282 Aristotelem
674 2249 848 2284 habuisse
886 2262 934 2285 ne
973 2250 1194 2297 credamus,
1236 2261 1342 2289 vetat
1384 2252 1423 2288 id
1456 2252 1558 2301 quod
1593 2266 1676 2301 cap.
1712 2255 1781 2289 ῘΧ.
1814 2254 1865 2289 ai't
1905 2251 2128 2287 historicum

387 2314 425 2343 et
464 2316 615 2348 poetam
645 2322 721 2346 non
768 2323 839 2346 usu
877 2310 1058 2347 metricae
1108 2320 1147 2348 et
1183 2326 1316 2362 prosae
1358 2314 1541 2350 orationis
1583 2313 1748 2351 differret
1805 2314 1861 2350 Ibi
1896 2313 1994 2348 hand
2031 2312 2128 2350 maie

385 2368 511 2404 addit:
554 2371 655 2412 „Sed
674 2371 854 2407 differunt
879 2384 948 2414 eo,
976 2373 1076 2419 quod
1108 2374 1230 2421 aiter,
1265 2374 1527 2422 (historicus),
1547 2388 1643 2425 quae
1674 2376 1776 2413 facta
1803 2384 1913 2420 sunt,
1940 2376 2126 2423 exponit,

388 2426 485 2464 alter
514 2429 660 2474 (poeta)
695 2431 818 2479 qualia
842 2438 1001 2479 possunt
1023 2431 1155 2471 fieri,“
