2337 3088
1047 256 1268 313 )(7)(

304 355 379 397 Ad
419 356 587 415 cyclum
610 371 744 399 rerum
777 357 1050 400 Troianarum
1085 358 1310 403 Homerica
1355 373 1517 421 quoqne
1558 361 1740 405 carmina
1782 359 2009 419 pertinent,
2041 358 2123 408 sive

221 439 325 467 unus
341 453 353 475 ,
383 424 469 467 sive
495 437 540 468 ut
566 439 699 469 censet
727 429 943 482 Wolfius,
977 443 1154 487 quocum
1180 429 1298 471 muiti
1322 430 1498 483 faciunt,
1528 433 1663 490 plures
1687 430 1830 475 Iliadis
1857 441 1895 474 et
1915 427 2123 487 Odysseae

220 504 407 537 auctores
440 495 686 541 exstiterunt.
718 497 781 542 Ex
808 499 957 557 ingenti
986 500 1216 542 carminum
1247 498 1297 540 de
1324 500 1444 541 rebus
1479 501 1669 543 Troianis
1696 504 1840 560 copia,
1882 516 1954 551 ea,
1989 512 2119 555 quae,

220 562 439 608 virtutibus
470 565 713 621 eminentia,
750 568 793 610 iu
826 582 895 610 ore
938 569 1123 612 omnium
1162 579 1299 620 erant,
1324 581 1421 626 prae
1450 568 1537 611 aliis
1571 569 1738 616 collecta
1774 581 2013 629 servataque
2038 581 2125 612 esse

214 630 416 677 videmur.

306 725 368 770 Ut
397 731 453 773 ad
480 729 694 774 Romanos
721 743 918 775 transeam
937 764 948 784 ,
976 731 1080 774 Cato
1107 732 1148 773 in
1188 733 1421 789 Originibus
1449 733 1619 776 heroum
1647 734 1874 791 priscorum
1903 732 2045 774 landes
2077 730 2122 771 in

219 798 416 842 conviviis
448 800 502 842 ad
535 801 677 843 tibiam
710 814 893 845 cantatos
930 802 1051 844 fuisse
1087 799 1260 844 docebat
1277 818 1291 852 3
1329 801 1583 862 Ciceroque,
1626 803 1754 845 iustus
1795 802 1941 846 harum
1980 813 2119 843 rerum

221 871 481 923 aestimator,
519 885 644 927 quam
683 871 851 912 moleste
878 870 1079 912 iacturam
1110 884 1251 912 eorum
1284 872 1447 924 tulerit,
1488 873 1667 915 declarat
1706 871 1822 915 Brut.
1857 885 1946 928 cap.
1992 869 2056 915 18.
2086 878 2126 910 εἰ

219 953 301 998 seq.
342 952 382 984 et
411 939 647 996 Quaestion.
680 937 853 983 Tuscul.
884 955 973 998 cap.
999 957 1038 985 2.
1069 939 1135 982 De
1164 955 1246 998 quo
1287 940 1350 983 Cl.
1378 942 1565 985 Niebuhr
1600 943 1761 985 Histor.
1799 941 1980 982 Roman.
2015 948 2124 994 part.

216 1011 253 1053 1.
280 1025 372 1068 pag.
408 1008 498 1065 178.
530 1007 628 1056 edit.
653 1010 781 1068 prior.
810 1009 973 1054 Verum
999 1010 1057 1052 ibi
1087 1024 1171 1053 non
1201 1010 1295 1053 satis
1323 1023 1439 1055 caute
1464 1011 1528 1054 vir
1571 1010 1758 1055 doctrina
1795 1009 1944 1070 pariter
1983 1018 2023 1049 et
2053 1006 2125 1047 in·-

218 1082 338 1139 genio
379 1080 601 1131 excellens,
631 1080 881 1136 temporibus
904 1080 1037 1123 adhuc
1069 1080 1236 1124 Catonis
1266 1082 1449 1124 carmina
1472 1081 1540 1122 illa
1579 1093 1739 1124 cantata
1775 1080 1899 1123 fuisse
1938 1079 2123 1119 affirmat.

223 1150 370 1194 Cicero
401 1151 507 1193 enim
533 1150 649 1193 Brut.
672 1150 699 1192 l.
726 1150 754 1191 l.
778 1150 936 1192 disertis
964 1151 1098 1195 verbis
1123 1153 1262 1195 multis
1292 1150 1463 1193 saeculis
1489 1164 1586 1195 ante
1615 1152 1783 1194 Catonis
1809 1162 1986 1193 aetatem
2023 1162 2128 1190 can-

218 1221 334 1263 titata
364 1223 482 1274 esse,
516 1236 560 1263 ex
595 1221 693 1280 ipsis
726 1224 959 1281 Originibus
997 1220 1129 1265 refert.
1189 1222 1383 1266 Carmina
1420 1221 1599 1279 epularia
1632 1231 1669 1263 et
1701 1218 1889 1271 naenias,
1915 1214 2130 1261 confundit

219 1291 417 1333 Davisius
444 1290 621 1333 animad.
654 1291 826 1333 Tuscul.
858 1293 1004 1350 Quaes.
1035 1308 1124 1350 cap.
1157 1306 1196 1334 2.
1228 1293 1278 1334 In
1301 1293 1394 1334 loco
1425 1292 1533 1334 enim
1560 1305 1680 1349 quem
1709 1290 1826 1332 affert
1852 1286 1900 1329 de
1928 1289 2025 1345 Leg.
2056 1286 2133 1335 ΙΙ,

222 1371 291 1414 24.
323 1360 374 1403 de
396 1362 635 1404 funebribus
667 1361 719 1404 ad
748 1362 954 1405 tibicinem
981 1364 1135 1405 cantari
1165 1363 1294 1404 solitis
1328 1362 1478 1404 mentio
1506 1355 1578 1407 esi.
1612 1361 1754 1405 Verba
1777 1357 1985 1401 Ciceronis
2015 1366 2133 1398 sunt:

223 1430 564 1480 „Honoratorum
598 1432 782 1473 virorum
815 1432 954 1473 laudes
999 1433 1042 1472 in
1079 1432 1275 1473 concione
1314 1442 1618 1482 memoranter,
1661 1443 1808 1487 easque
1848 1427 1967 1470 etiam
2010 1435 2132 1466 cantu

222 1498 276 1540 ad
305 1498 515 1542 tibicinem
539 1513 864 1559 prosequuntor,
895 1501 961 1542 cui
993 1515 1141 1544 nomen
1170 1513 1228 1543 cst
1248 1501 1456 1542 naeniae.“
1514 1502 1614 1544 Mos
1631 1501 1696 1542 ille
1724 1500 1774 1542 de
1797 1499 1918 1542 tibiae
1951 1497 1993 1537 in
2025 1508 2134 1536 con-

222 1568 344 1612 viviis
364 1583 487 1614 cantu
513 1572 571 1616 sic
595 1585 937 1617 commemoratur
963 1573 1137 1632 Quintil.
1168 1572 1189 1614 I
1208 1603 1219 1623 ,
1250 1571 1291 1613 8.
1355 1570 1462 1623 „Sed
1499 1582 1680 1615 veterum
1719 1583 1882 1628 quoque
1907 1567 2133 1610 Romano-

220 1657 315 1685 rum
363 1642 492 1699 epulis
531 1643 629 1685 fides
668 1659 717 1686 ac
760 1645 881 1686 tibias
905 1644 1098 1685 adhibere
1133 1641 1258 1683 moris
1285 1642 1406 1683 fuit.“

310 1735 520 1777 Poeticam
560 1736 669 1777 hanc
698 1750 834 1776 rerum
867 1735 1178 1793 descriptionem
1211 1734 1405 1774 historiae
1435 1733 1531 1775 fidei
1566 1733 1744 1774 obfuisse
1772 1743 1892 1788 atque
1917 1741 2004 1771 tum
2029 1724 2138 1785 apud

224 1803 439 1855 Graecos,
470 1817 557 1846 tum
583 1806 691 1863 apud
734 1804 949 1846 Romanos
977 1804 1176 1862 principia
1210 1802 1473 1844 histotiarum
1511 1802 1665 1843 incerta
1706 1799 1955 1856 poeticisque
1991 1796 2138 1837 decora

224 1875 373 1918 fabulis
406 1875 527 1917 fuisse
555 1877 647 1933 quis
680 1878 884 1919 miretur?
913 1877 1011 1918 Huc
1044 1875 1217 1932 pertinet
1245 1872 1314 1922 id,
1346 1864 1457 1928 quod
1490 1870 1553 1911 Cl.
1581 1869 1832 1910 Niebuhrius
1859 1867 1969 1908 Hist.
2006 1866 2135 1907 Rom.

224 1946 307 1988 vol·
338 1962 373 1991 1.
404 1961 444 2003 p.
478 1946 557 2003 178
583 1946 665 1998 ait,
693 1946 800 1989 Livii
824 1947 1096 1990 narrationem
1134 1945 1415 1988 Romanarum
1453 1957 1589 1985 rernm
1620 1954 1747 1998 usqne
1780 1936 1833 1980 ad
1870 1940 2136 1997 Regillensem

225 2031 406 2073 pugnam
425 2047 437 2068 ,
461 2029 655 2059 cantuum
685 2018 894 2074 epicorum
911 2048 922 2067 ‚
949 2031 1126 2074 quorum
1157 2028 1349 2056 numerus
1374 2012 1528 2055 solutus
1548 2011 1621 2061 sit,
1650 2008 1793 2050 seriem
1815 2019 1915 2048 esse.
1946 2005 2009 2046 Ea
2033 2018 2138 2062 quae

224 2085 285 2126 ibi
316 2083 369 2126 ad
415 2087 738 2130 confirmandam
777 2088 1016 2130 sententiam
1054 2088 1132 2133 Vir
1176 2086 1450 2130 Doctissimns
1483 2084 1597 2127 affert
1627 2087 1698 2138 ⁴¹),
1736 2093 1934 2139 exponere
1968 2078 2140 2135 longum

222 2166 280 2198 est
314 2168 437 2214 atque
464 2172 488 2199 a
516 2157 728 2216 proposito
751 2171 896 2202 nostro
920 2158 1123 2212 alienum,
1153 2171 1251 2200 cum
1291 2154 1345 2198 ad
1376 2152 1446 2207 id,
1482 2151 1596 2210 quod
1625 2151 1815 2196 volumus
1856 2148 1951 2191 satis
1981 2146 2061 2198 sit,
2103 2146 2139 2189 si

319 2315 360 2359 *)
386 2317 483 2350 Puta
507 2315 633 2352 varias
658 2314 705 2352 de
730 2315 877 2364 origine
908 2312 1013 2351 urbis
1043 2318 1118 2351 etc.
1143 2309 1310 2355 fabula-s,
1341 2313 1515 2356 tempora
1543 2304 1677 2343 deinde
1699 2307 1738 2340 et
1763 2300 1967 2340 intervalla
1985 2311 2143 2348 rerum,

393 2376 457 2413 vel
481 2388 559 2412 non
583 2375 747 2411 indicata
762 2402 775 2419 ,
804 2376 868 2413 vel
895 2383 937 2410 ut
966 2374 1203 2415 indicantur,
1232 2369 1378 2412 ordini,
1405 2380 1480 2416 quo
1510 2378 1570 2402 res
1591 2366 1709 2413 vulgo
1732 2364 1830 2400 fiunt
1845 2390 1856 2409 ,
1886 2374 2023 2412 parurn
2044 2374 2144 2400 con-

394 2444 595 2483 sentanea,
624 2438 836 2475 orationem
859 2448 974 2485 porro
999 2435 1219 2485 frequenter
1243 2426 1431 2480 poeticam
1459 2429 1529 2473 (ita
1550 2441 1635 2464 cum
1660 2426 1772 2463 Ennii
1796 2423 1929 2462 dehac
1946 2437 1990 2463 re
2014 2424 2127 2474 frag-

395 2505 529 2536 mento
551 2499 673 2536 oratio
696 2498 762 2535 illa
787 2497 875 2538 libr.
912 2499 968 2538 11.
1008 2509 1092 2548 cap,
1116 2497 1176 2535 10.
1225 2491 1436 2541 „Tiberine
1461 2496 1569 2540 pater
1596 2496 1638 2529 te
1671 2494 1801 2529 sancte
1827 2492 1905 2528 etc.
1933 2486 2129 2536 congruit)
