2337 3088
1050 231 1265 287 )(8)(

189 343 234 388 in
269 342 437 386 historia
465 340 634 384 Liviana
675 336 822 393 prioris
852 336 1034 393 poeticae
1070 330 1354 390 descriptionis
1386 331 1585 389 vestigia,
1625 331 1738 391 quod
1786 330 1996 374 manifesto
2034 331 2104 381 fit,

192 411 564 469 deprehenduntur.
623 406 822 447 Laudatis
867 420 891 446 a
943 418 1008 444 me
1057 403 1201 461 priscis
1265 400 1519 441 Graecorum
1554 412 1592 441 et
1629 402 1919 443 Romanorum
1972 401 2106 441 histo-

194 482 287 523 ricis
329 478 607 528 carminibus,
648 489 793 519 cantus
851 473 1107 518 Caledonum
1153 485 1266 523 tum,
1297 487 1392 514 cum
1443 486 1467 513 a
1515 471 1821 528 Maephersone
1854 469 1950 513 editi
1988 477 2107 517 sunt,

191 546 375 606 spurios,
412 545 611 603 genuinos
652 543 825 603 denique
858 543 1017 585 habitos
1063 539 1212 591 addere
1244 539 1374 582 liceat.
1437 535 1688 599 Quanquam
1729 540 1837 581 enim
1880 554 1903 582 a
1935 535 2105 580 Graecis

191 630 229 659 et
269 616 472 657 Romanis
512 616 701 656 cantibus
731 627 837 655 certe
859 615 1006 654 horum
1036 612 1174 652 differt
1211 612 1345 660 color,
1370 612 1412 651 in
1437 611 1515 651 hoc
1539 621 1674 650 tamen
1707 623 1802 649 cum
1836 609 1885 650 iis
1926 621 2106 650 consen-

191 687 316 737 tiunt,
343 685 456 743 quod
484 685 525 726 in
557 685 710 726 civium
739 683 906 725 sortium
946 679 1092 735 laude,
1125 680 1388 740 religionibus
1429 679 1614 729 insertis,
1656 687 1881 720 versantur.
1940 676 2103 721 Verum

188 757 229 798 in
259 754 551 814 disceptatione
585 765 723 796 nostra
752 751 1077 813 progrediamur.

271 849 381 891 Cum
407 863 478 906 per
499 848 734 890 historicam
761 862 898 888 rerum
925 848 1220 890 enarrationem
1246 848 1404 905 poetica
1423 878 1434 899 ‚
1455 860 1525 905 per
1553 846 1796 904 scripturam
1824 856 1885 884 res
1915 851 2102 899 prompte

187 931 478 977 propagantem
503 919 712 967 recitatio,
751 920 817 960 cui
851 934 1013 961 carmen
1045 919 1177 975 aptius
1206 930 1314 969 erat,
1345 918 1498 961 inutilis
1529 917 1633 959 facta
1676 927 1798 967 esset,
1833 924 2017 956 exortum
2046 921 2104 952 est

186 1004 232 1031 ex
265 989 340 1030 ista
372 999 569 1029 cantuum
595 988 805 1043 epicorum
836 990 937 1029 serie
967 1002 1131 1028 carmen
1160 987 1349 1044 epicum,
1377 986 1490 1045 quod
1528 988 1571 1028 in
1607 986 1699 1029 'una
1729 998 1890 1027 tantum
1920 999 1989 1031 re,
2020 993 2103 1020 non

186 1059 228 1099 in
259 1074 392 1100 rerum
427 1060 535 1112 cyclo
567 1070 733 1098 versans
763 1056 859 1097 artis
888 1055 1057 1099 omnino
1097 1070 1200 1115 opus
1227 1056 1383 1099 factum
1411 1069 1482 1099 est.
1513 1056 1564 1097 In
1593 1056 1673 1098 hoc
1711 1069 1808 1096 vero
1834 1051 1964 1111 poesis
1991 1050 2104 1107 epica

183 1128 365 1178 mansit,
394 1137 441 1168 ut
470 1125 628 1167 animos
657 1126 811 1167 civium
850 1125 1102 1168 inflammare
1135 1138 1172 1168 et
1221 1126 1274 1168 ad
1303 1126 1448 1184 pulcra
1483 1125 1665 1167 facinora
1712 1123 1890 1166 studeret
1921 1119 2103 1161 incitare.

184 1195 318 1253 Apud
348 1194 590 1236 recentiores
616 1192 782 1235 demum
814 1210 860 1237 eo
909 1195 1114 1238 interdum
1143 1196 1305 1253 delapsa
1351 1207 1436 1247 est,
1484 1206 1530 1237 ut
1569 1194 1626 1235 nil
1665 1193 1741 1235 nisi
1789 1190 2103 1234 oblectationem

182 1277 402 1326 appetens,
443 1263 639 1307 iocularia
685 1276 887 1307 tractaret.
948 1268 1010 1309 At
1046 1278 1187 1323 poetae
1229 1265 1331 1323 epici
1374 1264 1585 1307 materiam
1634 1262 1864 1305 carminum
1903 1275 1949 1302 ex
1981 1258 2103 1301 variis

184 1338 396 1386 fontibus,
444 1351 490 1378 ac
540 1337 721 1392 primum
764 1337 950 1376 cantibus
996 1336 1119 1391 epicis
1178 1337 1415 1392 propiores,
1469 1339 1515 1375 ex
1560 1333 1754 1374 fabulosis
1800 1330 2104 1373 narrationibus

183 1421 224 1452 et
268 1408 452 1465 partibus
489 1405 680 1450 historiae
725 1405 916 1457 incertis,
958 1405 1128 1457 deiude,
1171 1404 1296 1448 veluti
1341 1404 1462 1447 Silius
1516 1404 1711 1453 Italicus,
1770 1400 2020 1444 Claudianus
2068 1411 2104 1441 et

182 1477 378 1518 Lucanus
408 1475 506 1525 iste,
542 1488 588 1514 ex
635 1473 804 1514 historia
845 1485 953 1514 certa
995 1487 1115 1531 atque
1149 1474 1309 1531 cognita
1354 1485 1626 1530 sumpserunt.
1689 1473 1842 1514 Utrum
1884 1487 1955 1522 ea,
1999 1484 2102 1527 quae

182 1557 319 1587 narret
347 1555 491 1600 poeta,
520 1541 712 1585 historiae
743 1555 1012 1584 consentanea
1039 1543 1119 1585 sint
1155 1557 1279 1584 necne
1309 1558 1457 1597 parum
1493 1542 1666 1584 interest.
1730 1542 1781 1583 Id
1820 1541 1944 1583 modo
1975 1554 2102 1596 quae-

187 1615 290 1656 ritur
314 1626 411 1654 eane
436 1606 540 1669 quae
569 1621 806 1662 narrentur,
834 1611 890 1653 ita
914 1624 1146 1669 comparata
1168 1612 1274 1663 sint,
1299 1624 1343 1654 ut
1371 1612 1627 1653 mirationem
1654 1622 1691 1653 et
1719 1625 1858 1653 sensus
1884 1622 2100 1667 generosos

187 1685 229 1725 iu
257 1686 455 1725 lectorum
481 1681 626 1722 animis
658 1695 820 1721 movere
862 1693 1022 1736 queant.
1072 1670 1179 1724 ¹Una
1207 1696 1304 1723 vero
1333 1696 1395 1722 res
1437 1681 1640 1735 descripta
1675 1692 1759 1731 est,
1805 1692 1851 1722 ut
1883 1695 1994 1721 mens
2031 1679 2102 1720 di-

184 1768 321 1796 versas
355 1750 580 1810 argumenti
606 1762 739 1807 partes
772 1749 850 1791 hoc
877 1748 1000 1792 modo
1028 1762 1302 1811 eusynoptous
1326 1753 1478 1807 (Arist.
1511 1763 1585 1794 art.
1614 1767 1654 1809 p.
1685 1766 1721 1794 c.
1756 1750 1945 1806 XXIII)
1976 1752 2101 1794 lactas

182 1824 262 1865 levi
289 1822 549 1864 contentione
588 1820 822 1861 consociare
869 1832 918 1860 ac
948 1822 1174 1878 perspicere
1207 1822 1375 1869 valeret,
1434 1820 1539 1863 Inde
1586 1832 1724 1862 manat
1756 1834 1802 1860 ea
1841 1820 1936 1871 lex,
1974 1823 2099 1878 quain

187 1917 613 1935 μή*

348 1979 509 2002 numero
532 1968 644 2003 etiam
684 1967 892 2012 (saturnio)
928 1977 1005 2002 non
1031 1966 1156 2002 soluto
1198 1968 1257 2011 (ut
1287 1970 1331 2013 Ι,
1359 1970 1405 2004 26
1433 1969 1473 2005 in
1504 1968 1590 2016 lege
1621 1978 1717 2015 quae
1757 1977 1778 2001 a
1815 1965 1925 2003 Livio
1960 1964 2099 2002 dicitur

347 2027 528 2064 horrendi
552 2029 751 2063 carminis:
779 2028 986 2063 Duumviri
1007 2027 1306 2075 perduellionem
1328 2029 1509 2067 iudicent.
1541 2030 1577 2065 Si
1600 2042 1620 2064 a
1642 2029 1855 2066 duumviris
1876 2028 2098 2075 provocarit

347 2094 423 2123 etc.
450 2088 489 2131 α)
516 2085 677 2134 denique
704 2087 805 2134 quod
836 2087 897 2123 hic
925 2089 1046 2124 allatis
1076 2091 1195 2124 causis
1239 2090 1387 2137 pondus
1419 2090 1550 2135 addit,
1584 2090 1823 2126 narrationes
1848 2101 1939 2139 quas
1965 2090 2098 2126 Livius

348 2154 503 2183 secutus
530 2153 589 2181 est
613 2159 691 2182 non
720 2146 952 2185 auteifinem
989 2150 1129 2184 saeculi
1165 2152 1310 2186 Romae
1341 2153 1494 2198 quarti,
1523 2164 1598 2200 quo
1633 2157 1807 2199 tempore
1842 2150 1968 2186 nullae
2001 2149 2099 2196 regii

343 2209 498 2256 imperii
515 2208 670 2244 annales
695 2208 913 2244 exstiterint
931 2237 941 2253 ‚
974 2210 1279 2256 conglutinatas:
1306 2224 1381 2261 quo
1408 2218 1520 2261 pacto
1553 2224 1616 2250 res
1641 2224 1762 2261 usque
1790 2211 1837 2248 ad
1869 2211 1966 2249 hanc
1997 2218 2098 2247 tem-

345 2278 531 2317 pestatem
553 2277 668 2304 cantu
695 2270 812 2307 fuisse
841 2278 1068 2318 propagatas
1101 2279 1311 2323 cantusque
1352 2273 1536 2309 historiae
1576 2272 1761 2310 Livianae
1791 2273 1989 2310 materiam
2016 2283 2099 2307 esse

350 2341 445 2379 opus
473 2337 535 2366 sit.

275 2405 309 2445 (ι)
336 2405 439 2440 Haec
472 2404 625 2442 alterius
652 2405 829 2442 editionis
856 2412 968 2449 sunt,
999 2405 1089 2444 dum
1115 2407 1154 2444 in
1193 2409 1322 2457 priore
1359 2408 1578 2448 afferuntur
1617 2408 1685 2447 illa
1713 2397 1801 2447 libr.
1837 2409 1872 2450 Ι,
1897 2405 1957 2445 68.
1998 2408 2096 2446 Tace

340 2466 489 2511 mquit,
526 2470 723 2512 Lucretia,
758 2471 895 2504 Sextus
924 2471 1153 2515 Tarquinius
1184 2481 1266 2507 sum
1297 2478 1372 2509 etc.
