2337 3088
0 0 15 113 l

0 206 5 251 l

0 306 17 462 l

905 220 947 276 J<
1003 195 1054 273 '17
1108 216 1152 271 κ

160 334 239 378 His
268 330 425 381 missis,
460 323 766 386 progrediamur
805 320 858 365 ad
886 320 951 373 id,
997 317 1112 378 quod
1153 319 1197 360 in
1241 318 1363 376 epicis
1405 314 1655 359 carminibus
1692 317 1828 375 magni
1870 332 1967 363 mo..

74 405 196 449 menti
232 413 313 453 est,
346 413 464 458 opem
503 396 674 438 deorum
716 394 866 438 scilicet
899 402 936 433 et
961 389 1183 447 religiones.
1243 387 1317 432 Ad
1350 386 1668 432 commovendos
1703 388 1863 430 animos
1898 402 1966 430 eae

73 487 325 531 summopere
352 472 394 513 in
421 470 530 529 epiea
556 466 667 528 poesi
694 464 904 523 religiones
929 460 1148 504 valuerunt
1166 488 1180 511 ‚
1213 458 1362 516 quibus
1389 471 1427 502 et
1451 461 1625 519 populus
1654 472 1696 503 et·
1729 470 1850 519 poeta
1879 458 1963 517 ipse

74 544 195 586 fidem
223 541 376 584 habuit.
436 541 579 597 Atque
600 535 710 595 apud
737 534 970 576 Homerum
998 528 1055 571 dii
1085 529 1387 587 religionesque·
1400 528 1456 570 ita
1483 544 1577 570 cum
1605 528 1853 571 carminibus
1886 542 1966 571 co-

74 615 269 664 haerent,
300 622 344 653 ut
372 609 441 667 qui
465 608 551 649 illas
583 608 635 649 ab
665 605 727 647 his
758 601 1008 658 seiungam,
1040 611 1189 656 corpus
1219 608 1258 639 et
1285 596 1466 639 animum
1496 595 1719 639 discindere
1745 596 1964 641 videretur.

73 682 208 726 Aliter
238 680 403 739 Virgilii
428 690 589 722 carmen
616 689 659 718 se
682 674 817 718 habet.
875 670 942 712 Ibi
977 668 1105 710 multa
1128 666 1180 709 de
1207 666 1300 708 Diis
1339 664 1505 723 exponit
1532 675 1675 721 poeta,
1704 666 1851 722 quibus
1880 666 1967 723 ipse

73 750 228 791 nullam
258 749 377 792 fidem
402 748 590 790 habuisse
622 743 894 788 manifestum.
920 739 1113 783 Movitne
1141 738 1312 781 lectores
1345 737 1562 779 Romanos
1589 735 1805 794 descriptio
1832 736 1970 781 Ache-

74 823 225 875 rontis,
253 821 322 878 qui
355 816 528 862 Aeneid.
560 815 658 866 VI,
684 813 783 869 296·

298 898 511 945 Turbidus
534 897 603 939 hic
630 908 758 937 coeno
786 903 980 949 vastaque
1014 889 1208 949 voragine
1234 902 1379 947 gurges

296 976 497 1023 Aestuat,
533 979 654 1025 atque
678 978 843 1008 omnem
870 963 1028 1021 Cocyto
1061 971 1214 1004 eructat
1238 973 1404 1003 arenam
1420 991 1432 1011 ‚

75 1055 290 1103 postquam
319 1039 508 1097 Georgic.
539 1038 613 1089 11,
647 1049 733 1093 490
759 1034 981 1093 protulerat
1008 1030 1206 1087 scriptor:

298 1110 412 1153 Felix
430 1138 441 1160 ,
467 1107 538 1166 qui
567 1106 700 1164 potuit
725 1119 859 1147 rerum
889 1113 1130 1160 cognoscere
1158 1109 1322 1149 causas,

302 1178 445 1233 Atque
474 1187 603 1218 metus
628 1175 759 1216 omnis
793 1185 830 1216 et
859 1169 1105 1214 inexorabile
1128 1168 1256 1208 fatum

302 1244 481 1289 Subiecit
509 1243 681 1301 pedibus
711 1243 1005 1299 strepitumque
1030 1235 1280 1278 Acherontis
1307 1233 1445 1276 avari!

83 1320 263 1362 Cautane
290 1330 414 1374 porro
440 1326 498 1357 est
532 1312 713 1372 quaestio
748 1310 817 1351 illa
856 1309 959 1351 vatis
983 1306 1207 1351 Mantuani

304 1385 513 1427 Tantaene
543 1381 686 1425 animis
717 1378 953 1423 coelestibus
990 1370 1115 1419 irae?

82 1473 200 1514 Certe
239 1470 334 1527 quia
377 1467 513 1510 studio
552 1479 590 1508 et
629 1466 689 1507 ira
732 1465 790 1506 dii
829 1463 1117 1504 Romanorum
1152 1473 1191 1503 et
1238 1461 1493 1501 Graecorum
1521 1457 1717 1516 agebant,
1762 1458 1803 1500 in
1835 1459 1975 1516 poesin

82 1542 238 1598 epicam
262 1537 430 1581 omnino
458 1534 775 1594 quadruverunt.
809 1529 888 1573 Sed
913 1529 1034 1572 simul
1064 1543 1111 1571 ac
1148 1538 1266 1585 poeta
1293 1527 1378 1585 ipse
1410 1541 1483 1569 cur
1519 1526 1870 1570 iracunda'essent
1896 1543 1979 1569 nu·-

81 1609 192 1650 mina
221 1606 372 1648 mirans
406 1605 629 1663 quaesivit,
657 1603 848 1664 religione
871 1600 1082 1641 manifesto
1114 1598 1256 1654 lapsa,
1285 1608 1538 1638 momentum
1567 1611 1729 1653 quoquc
1756 1611 1897 1638 eorum
1926 1597 1980 1639 ad

83 1675 306 1720 movendos
333 1674 516 1715 homines
550 1674 592 1713 in
616 1669 865 1714 carminibus
891 1667 1095 1710 extenuari
1123 1667 1346 1722 oportebat.
1409 1666 1508 1709 Post
1537 1666 1718 1724 Augusti
1747 1681 1845 1709 vero
1873 1679 1981 1709 tem-

83 1763 184 1806 pora
221 1758 351 1788 metus
388 1745 648 1802 antiquorum
688 1740 857 1785 deorum
889 1750 1056 1796 prorsus
1099 1734 1141 1775 in
1180 1748 1368 1792 praeceps
1409 1735 1521 1777 abiit.
1582 1734 1752 1777 Disiecti
1791 1747 1885 1778 sunt
1930 1735 1980 1777 de

84 1818 187 1861 solio
213 1829 287 1858 suo
330 1814 514 1872 Iupiter,
540 1814 659 1854 Mars
699 1810 897 1865 ceterique
932 1806 1044 1847 urbis
1085 1803 1302 1845 salvatores
1346 1814 1384 1843 et
1417 1803 1637 1859 praesides.
1675 1807 1738 1846 At
1774 1807 1977 1861 populus,

85 1901 136 1928 ne
161 1885 237 1928 diis
271 1895 449 1935 careret,
482 1880 737 1924 multitudine
764 1877 1004 1936 religionum
1031 1884 1283 1915 externarum
1325 1881 1481 1927 recepta
1499 1901 1511 1921 ‚
1541 1870 1586 1911 in
1628 1872 1978 1928 superstitionibus

87 1953 215 1997 foedis
243 1964 422 1995 versatus
449 1963 519 1993 est.
579 1950 645 1992 De
674 1963 755 2006 quo
778 1946 880 1988 inter
906 1944 1006 1986 alios
1038 1942 1252 2000 scriptores
1278 1940 1510 1983 conseratur
1539 1940 1743 1982 Iuvenalis
1784 1953 1857 1984 sat.
1883 1943 1980 1997 VI,

86 2038 127 2066 v.
153 2023 304 2075 608ve1
330 2035 439 2078 seqq.
498 2019 562 2061 De
591 2017 655 2059 his
693 2016 813 2058 rebus
844 2014 1070 2073 eleganter,
1109 2023 1154 2053 ut
1185 2010 1306 2059 solet,
1340 2007 1527 2060 disseruit
1551 2007 1735 2049 Beniam.
1766 2008 1978 2053 Constant.

87 2091 131 2132 in
172 2088 345 2145 scripto:
374 2088 437 2129 De
480 2088 520 2128 la
560 2086 727 2143 religion
771 2083 970 2126 consider.
1013 2094 1088 2126 etc.
1137 2081 1231 2124 libr.
1280 2079 1329 2132 Ι,
1370 2094 1460 2137 cap.
1499 2095 1543 2127 2.
1600 2080 1671 2123 Ac
1721 2077 1771 2122 de
1817 2079 1982 2123 Nerone

89 2156 303 2202 Suetonius
343 2158 497 2203 Neron,
528 2154 598 2197 vit.
630 2168 718 2211 cap.
758 2153 823 2196 56.
884 2152 1178 2210 „Religionum
1211 2162 1502 2207 usquequaque
1540 2159 1791 2207 contemptor
1825 2161 1982 2208 praeter

92 2227 210 2270 unius
240 2225 351 2267 Deae
382 2223 531 2281 Syriae.
587 2223 714 2265 Hanc
741 2223 796 2264 ita
840 2223 991 2279 sprevit
1031 2233 1077 2263 ut
1104 2220 1225 2262 urina
1267 2217 1578 2268 contaminaret,
1602 2216 1680 2259 alia
1704 2219 1986 2275 superstitione

92 2309 259 2354 captus,
286 2296 330 2337 in
355 2308 436 2352 qua
464 2290 550 2336 sola
572 2289 887 2349 pertinacissime
914 2288 1084 2339 haesit,“

176 2381 267 2423 Iam
299 2377 427 2422 videri
450 2387 603 2435 potest,
632 2390 755 2435 quam
785 2389 931 2433 parum
957 2373 1136 2424 Noster,
1169 2370 1203 2413 si
1229 2370 1329 2414 Iove
1350 2400 1363 2422 ,
1403 2370 1564 2413 Iunone
1598 2371 1769 2431 aliisque
1793 2372 1993 2416 Saturniis

93 2449 173 2500 diis
199 2450 393 2493 Lucanus
426 2462 521 2491 usus
560 2449 685 2500 esset,
707 2445 816 2490 cives
848 2443 1050 2488 movisset.
1084 2441 1187 2485 Inde
1213 2442 1334 2484 etiam
1358 2455 1547 2500 apparet,
1570 2457 1696 2501 quam
1717 2443 1851 2501 inepte
1875 2454 1993 2500 poeta

1790 2515 1823 2557 3
