2337 3088
271 362 274 364 ’
302 360 493 415 ,Νειίιῑῐὶ
520 364 590 406 ubi
615 377 722 407 nunc
754 366 869 408 heros
891 365 958 407 ille
982 381 1145 418 recens,
1180 355 1420 408 Alexandro
1456 363 1658 419 validior-⁴,
1689 367 1760 424 qni
1787 376 1855 407 rex
1886 362 1970 421 ipse
2003 365 2111 406 haud

199 433 400 492 genitus,
420 448 527 492 reges
554 434 721 477 subiecit
745 435 881 477 currui
897 433 1019 476 .>·Ubi
1038 438 1151 476 'nunc
1167 448 1443 493 propugnator
1471 447 1507 478 et
1529 436 1634 479 filius
1660 433 1951 494 magnitudinis
1979 434 2111 476 omnis

216 517 260 544 ει·
284 504 534 560 exiguitatis,
562 507 778 561 sapientiae
806 518 845 546 et
881 505 1058 545 fiiror'rs?
1086 505 1308 553 Ubinam‚·
1327 506 1408 559 qui‘
1439 520 1558 560 regna
1594 519 1632 547 et
1682 505 1849 563 imperia
1888 504 2032 546 ludens
2070 505 2112 544 in

221 586 347 623 terra,
381 585 466 630 qua*
490 574 626 615 'tabula
663 575 871 625 tuebatur,
897 588 985 617 ossa
1020 573 1198 614 humana
1224 586 1300 629 pro
1328 573 1417 614 talis
1445 573 1606 615 iecit?“

301 655 379 709 „In
402 671 561 699 oceano·
577 651 765 699 contuere
783 653 1086 699 'dominatorem
1110 656 1273 699 affixum
1301 655 1421 713 rupi,
1449 669 1495 697 ac
1525 665 1651 712 prout
1668 668 1809 700 natura
1835 669 1901 701 tua
1927 658 2000 699 sert
2018 656 2111 708 ,vel

216 728 351 768 fletum
392 727 486 777 ede,
530 728 590 767 vel
624 727 782 773 risum3
829 727 992 775 fletum,
1034 724 1132 764 dum
1171 724 1370 766 cancenos
1414 725 1622 765 rodentem
1669 728 1887 768 mansionis
1927 718 2104 784 aquilam

215 799 418 841 minacem
436 796 726 848 videm-'risum
745 827 756 846 ,
783 795 882 837 dum
909 808 1056 851 parvas
1084 793 1133 836 de
1157 794 1291 850 parvis
1322 793 1507 844 Παῖς-νώ
1536 794 1672 838 cib'um
1698 797 2105 849 et-vinumsmovet.

212 868 346 911 Hicne
372 868 442 925 qui
474 880 582 924 reges
610 865 672 905 vel
703 865 841 904 beatos
873 863 938 904 vel
965 862 1132 904 miseros
1160 876 1245 903 suo
1262 861 1462 904 reddebat·
1483 866 1647 906 nurnine
1680 877 1753 908 etc.
1775 869 1831 905 ΡΜ

296 962 395 1002 Uno
422 972 583 1015 qnoque
609 958 733 998 verbo
763 957 961 998 lectorem*
985 955 1052 998 hic
1090 957 1248 997 motum
1278 955 1328 997 de
1361 958 1499 1000 multis
1533 959 1711 1015 cogitare
1749 974 1850 1016 opus
1894 971 1975 1010 est,
2007 959 2106 1000 dum

212 1028 252 1072 in
282 1031 485 1071 Lucaneis·
509 1038 577 1067 aut
607 1023 823 1068 ovidianis
856 1027 897 1080 ⁴¹)
955 1024 1033 1067 illis
1067 1038 1191 1067 meust
1205 1036 1243 1067 et
1276 1025 1435 1068 animus
1467 1037 1607 1083 tor-pet.
1666 1027 1768 1068 Non
1806 1027 1942 1069 omnia
1974 1040 2119 1069 tamer»

211 1095 318 1154 apud
346 1096 567 1135 Lucanum·
590 1094 723 1135 ieiuna
752 1105 845 1138 sunt
872 1104 908 1134 et
937 1093 1103 1135 horrida
1119 1110 1132 1144 3
1159 1094 1277 1152 plura
1303 1094 1466 1151 quidem
1500 1095 1657 1145 nitent,
1693 1095 1762 1136 sed
1790 1106 1835 1135 ut
1870 1095 2004 1136 stellae
2035 1109 2108 1151 per

209 1166 473 1221 caliginosum
519 1164 688 1204 coelum.
751 1164 807 1204 lis
839 1177 945 1218 quos
968 1164 1007 1203 in
1036 1163 1112 1204 hac
1143 1163 1415 1220 disputatione
1456 1161 1739 1215 laudavimus,
1769 1161 1879 1205 haud
1918 1177 2106 1206 contern-

207 1235 348 1278 nendis
374 1233 473 1275 locis
498 1231 592 1274 addi
624 1244 790 1288 possunt
817 1233 893 1285 Π,
922 1246 1055 1288 ι-7;
1083 1230 1182 1275 ibid.
1213 1232 1393 1289 84-97.
1422 1231 1519 1285 ΙΙΙ,
1555 1246 1637 1277 220
1664 1244 1700 1275 et
1726 1247 1836 1284 2213
1867 1232 1965 1276 ibid.
1997 1232 2104 1285 303',

212 1301 297 1360 3'90
333 1315 369 1344 et
400 1304 497 1357 391.
539 1301 638 1352 IV,
672 1311 722 1344 1-'1
750 1314 787 1344 et
826 1316 978 1359 seqq&
1008 1301 1112 1350 ibid‘.
1152 1316 1191 1344 v.
1225 1302 1311 1357 807
1352 1314 1479 1358 usque
1518 1303 1569 1344 ad
1607 1304 1677 1343 fin.
1737 1304 1792 1347 V.
1819 1305 1896 1347 621
1925 1315 1962 1344 et
1992 1318 2114 1360 seqq

303 1480 344 1524 '¹¹)
372 1481 450 1514 Cur
474 1471 635 1514 Ovidius
655 1482 767 1524 poeta
787 1470 990 1524 plurimum
1013 1470 1173 1522 frigidus
1199 1471 1388 1512 interdum
1406 1479 1519 1513 etiam
1545 1479 1695 1527 ineptus
1711 1506 1721 1523 ‚
1744 1486 1785 1514 ut
1810 1480 1848 1514 in
1871 1479 1956 1514 libr.
1987 1478 2098 1514 XIV.

369 1537 519 1586 Lapith.
562 1543 600 1571 et
643 1538 821 1571 Centaur.
860 1538 1047 1578 Certam.,
1084 1529 1134 1570 'in
1183 1535 1317 1570 scholis
1355 1536 1474 1572 adhuc
1525 1538 1769 1582 decantetur,
1803 1540 1991 1587 equidem‘
2022 1551 2100 1574 non

366 1598 495 1636 video.
531 1599 747 1633 Sententiae
780 1596 987 1633 Ov‘idianae
1032 1595 1252 1645 plerumque
1292 1609 1358 1633 eae
1397 1605 1510 1641 sunt,
1540 1605 1583 1633 ut
1624 1612 1734 1635 nemo
1774 1599 1830 1635 his
1867 1600 2102 1647 temporibus

360 1658 415 1693 ita
451 1657 618 1704 cogitare
661 1656 733 1694 vel:
762 1656 885 1691 dicere
929 1656 1034 1692 velit.
1085 1657 1205 1703 Atqui
1241 1658 1436 1705 permagni
1478 1658 1618 1703 refert,
1651 1667 1693 1694 ut
1729 1661 1888 1696 iuvenes
1927 1673 1992 1696 eos
2034 1661 2097 1696 vel

361 1729 495 1763 prosae
522 1717 703 1751 orationis
731 1718 792 1751 vel
816 1717 1025 1750 carminum
1045 1716 1171 1762 legant
1202 1718 1433 1764 scriptores,
1461 1732 1622 1765 quorum
1662 1722 1859 1755 sententiis
1892 1721 2009 1755 latine
2037 1723 2099 1756 vel

362 1772 552 1825 loquendo
569 1770 641 1811 vel'
654 1773 852 1810 scribendo
874 1773 930 1809 uti
957 1781 1110 1824 queant
1140 1775 1196 1810 D'e
1226 1773 1393 1820 ratione,
1415 1786 1488 1827 qua
1506 1778 1688 1814 iuventus
1714 1779 1752 1814 in
1780 1792 1876 1828 puro
1903 1787 1942 1816 et
1963 1792 2096 1816 emen-

364 1840 452 1875 dato
476 1839 591 1873 latine
617 1839 802 1874 scribendi
816 1851 968 1894 genere
1011 1839 1081 1880 sit,
1109 1838 1337 1872 instituenda
1370 1840 1409 1872 in
1432 1840 1574 1882 scripto
1608 1848 1827 1874 menstruo:
1857 1840 2096 1881 ffliebertbet'n

362 1896 580 1941 ffllonatfcbr.
609 1894 665 1938 fur
687 1894 819 1940 Quid).
848 1904 921 1932 etc.
953 1899 1046 1934 Ian
1064 1904 1101 1932 et
1125 1890 1234 1932 Mart
1262 1896 1415 1931 huiusce
1436 1896 1533 1931 anni
1552 1896 1718 1934 fascicul.
1753 1898 1933 1933 nonnulla
1956 1897 2098 1947 dispu*

362 1959 459 1995 tavit
487 1959 625 2004 Tur-pis
654 1958 827 1993 inscitiae
861 1958 1011 2004 linguae
1048 1958 1208 1997 latinae,
1240 1969 1335 2004 quae
1381 1959 1491 1993 etiam
1523 1959 1562 1992 in
1602 1958 1719 2000 viris,
1759 1959 1823 2004 qui
1853 1959 1991 1994 multos
2027 1972 2097 2006 pei

362 2031 480 2056 annos
501 2018 618 2055 latino
645 2030 817 2054 sermone
844 2017 907 2055 vel
926 2018 1112 2067 scriptura
1133 2016 1197 2054 vel
1221 2030 1286 2052 ore
1307 2017 1362 2052 usi
1387 2023 1473 2052 sunt
1487 2042 1502 2061 ,
1522 2016 1734 2065 reperitur,
1761 2028 1871 2051 causa
1893 2019 2095 2067 praecipua

366 2081 503 2117 v-itium
530 2088 586 2115 est
604 2079 718 2124 illud,
747 2079 847 2127 quod
879 2080 1133 2127 Quintilianus
1158 2075 1203 2114 de
1228 2079 1395 2115 dialectis
1425 2081 1637 2127 promiscue
1682 2080 1871 2126 usurpatis
1900 2081 2090 2114 coenismos

361 2138 465 2175 dicit.
515 2136 574 2175 Illi
609 2140 786 2176 nimirum
825 2141 898 2176 viri
927 2152 1003 2176 non
1036 2140 1174 2184 unius,
1212 2153 1287 2175 non
1324 2149 1459 2176 aureae
1501 2139 1562 2175 vel
1596 2148 1795 2185 argenteae
1834 2138 1899 2174 sed
1926 2140 2087 2186 ferreae,

362 2195 561 2246 plumbeae,
586 2200 662 2235 imo
691 2199 798 2234 turcae
822 2199 966 2237 aetatis'
983 2209 1096 2237 voees
1114 2199 1212 2236 'vane
1235 2200 1476 2248 permiscent.
1505 2201 1620 2248 Saepe
1634 2197 1676 2234 fit
1700 2198 1812 2233 etiam
1837 2204 1879 2233 ut
1909 2197 2094 2235 barbarae

369 2259 502 2294 aetatis
542 2259 669 2295 sordes
719 2260 851 2295 melius
891 2273 1000 2308 quarn
1033 2275 1170 2298 aureae
1202 2274 1369 2308 gemmas
1398 2263 1591 2298 noverint.
1642 2265 1767 2308 Quare
1799 2261 2096 2309 hasnegligen-

363 2328 446 2367 tes,
476 2320 556 2358 illas
580 2322 760 2360 continuo
785 2330 1008 2372 usurpantes
1039 2324 1078 2359 in
1102 2321 1311 2358 barbariem
1351 2322 1471 2370 magis
1510 2335 1550 2359 ac
1592 2324 1710 2371 magis
1743 2321 1946 2366 decidunt,
1983 2335 2098 2358 mun-

367 2382 543 2419 ditiarum
570 2384 752 2419 sermonis
791 2396 900 2418 sensu
935 2384 1096 2432 denique
1136 2384 1291 2431 prorsils
1328 2382 1524 2419 destituti.
1571 2385 1633 2419 Nil
1663 2386 1801 2419 mirum
1831 2384 1926 2419 tales
1967 2384 2095 2428 viros,

367 2454 450 2480 eum
482 2442 570 2491 quid
595 2444 641 2479 sit
663 2444 821 2480 latinum
842 2439 932 2496 quid
957 2455 1041 2485 non
1063 2443 1266 2484 decernere
1294 2441 1440 2509 velint,
1464 2442 1629 2493 turpiter
1652 2456 1781 2510 errare
1807 2445 2098 2497 peritorumque

363 2514 526 2540 movere
546 2503 761 2545 cachinnos.
1057 2518 1061 2522 ·
