2337 3088
1008 192 1048 243 )(
1108 202 1152 232 11
1213 189 1256 241 3(

187 304 371 336 constare
396 290 554 341 voluit,
586 290 736 332 Noster
761 292 901 333 cane're
929 302 1085 348 poterat
1113 305 1235 348 quam
1271 288 1379 331 viros
1415 287 1482 346 qui
1509 303 1531 330 a
1559 284 1745 345 partibus
1780 286 1960 347 Pompeii
2001 306 2082 336 ste..

190 373 319 405 terant
353 376 377 402 a
406 359 576 402 Caesare
603 359 690 417 ipso
717 361 916 404 subactos.
950 362 1018 403 Ac
1058 360 1251 414 fortasse,
1289 358 1443 417 proelio
1482 357 1535 399 ad
1573 356 1781 400 Mundam
1814 359 2016 418 neglectO,
2044 361 2085 402 in

191 430 345 471 Catone
389 429 484 480 illo,
517 430 631 471 cuius
677 431 816 488 copiae
844 432 1004 483 victae,
1039 430 1196 472 animus
1240 430 1468 471 indevictus
1508 431 1613 482 suit,
1658 430 1914 472 constitisset.
1977 431 2090 488 Quid

191 501 300 541 enim
326 500 516 541 excelsius
536 531 546 551 ‚
578 500 676 557 quid
703 501 872 542 carmini
899 500 1111 558 magnifice
1148 496 1430 540 concludendo
1464 498 1619 554 aptius,
1658 515 1779 555 quam
1823 500 1900 542 viri
1933 514 2089 559 specta-

192 568 357 621 culum,
389 567 458 625 qui
499 579 588 625 post
627 567 885 610 Phaedonem
912 568 1093 612 Platonis
1133 567 1264 626 pridie
1305 566 1461 624 vesperi
1503 566 1676 618 lectum,
1721 583 1812 610 cum
1851 585 1921 627 per
1960 583 2087 614 totam

193 633 352 680 noctem
382 637 538 695 placide
563 638 758 694 quiesset,
776 638 913 696 gladio
945 653 986 681 se
1010 637 1252 688 transfodit,
1282 648 1320 679 et
1338 635 1389 677 de
1413 650 1496 694 quo
1523 638 1715 694 gravibus
1735 641 1864 682 verbis
1889 641 2090 684 Horatius

195 705 374 759 Carmin.
402 707 490 759 IL,
520 724 535 751 1
553 739 564 760 ‚
592 709 658 750 23.

418 802 574 842 Cuncta
605 812 802 841 terrarum
830 800 997 840 subacta
1017 828 1029 848 ‚

411 869 573 911 Praeter
601 879 779 908 atrocem
809 870 992 908 animum
1024 866 1202 907 Catonis.

192 944 245 985 Et
269 943 418 983 Noster
443 940 492 989 I,
533 937 639 981 128·-

421 1009 575 1049 Victrix
608 1019 727 1046 causa
756 1005 848 1047 Diis
876 1005 1051 1062 placuit,
1078 1002 1147 1045 sed
1178 1007 1283 1046 victa
1316 1004 1476 1047 Catoni.

190 1085 271 1129 His
297 1080 346 1123 de
371 1077 601 1120 Pharsaliae
636 1075 801 1117 materia
828 1072 1011 1125 statutis,
1036 1072 1202 1131 quinam
1227 1073 1311 1114 eius
1342 1074 1432 1116 linis
1460 1074 1581 1116 fuerit
1615 1075 1697 1116 iam
1727 1073 1949 1119 videamus.

279 1171 390 1214 Illud
430 1169 594 1226 quidem
615 1199 626 1216 ‚
664 1167 774 1224 quod
806 1166 938 1207 adhuc
964 1177 1116 1214 exstat,
1138 1179 1298 1205 carmen
1340 1166 1610 1207 consideranti
1643 1180 1808 1223 apparet
1845 1169 2015 1210 Lucano
2050 1171 2091 1211 in

190 1240 399 1287 Pharsalia
438 1238 559 1280 fuisse
601 1236 880 1294 propositum,
904 1239 1111 1291 potentius
1137 1252 1259 1291 quam
1303 1241 1435 1295 legum
1481 1243 1690 1296 imperium
1733 1244 1907 1282 hominis
1949 1240 2094 1282 iterum

190 1318 343 1356 factum
386 1323 539 1351 canere.
596 1307 743 1348 Caesar
777 1310 951 1349 hominis
1001 1317 1038 1347 et
1090 1310 1383 1358 dominatoris,
1417 1307 1634 1364 Pompeius
1677 1312 1810 1365 legum
1850 1309 1955 1350 vices
1999 1310 2092 1366 agit.

192 1383 388 1429 Senatus,
431 1388 592 1418 auctore
632 1376 819 1431 Scipione
846 1375 1097 1424 decreverat,
1130 1386 1175 1416 ut
1218 1386 1310 1415 aute
1353 1388 1502 1418 certam
1545 1376 1652 1417 diem
1690 1376 1837 1417 Caesar
1879 1379 2097 1420 exercitum

191 1453 439 1497 dimitteretj,
468 1447 501 1488 si
552 1460 635 1486 non
668 1447 839 1495 Iaceret,
876 1461 968 1485 eum
1008 1445 1159 1502 patriae
1199 1446 1356 1486 hostem
1403 1445 1633 1487 habendum
1684 1462 1767 1488 esse
1802 1447 1964 1489 Caesar.
2000 1448 2105 1491 Bell.

191 1520 312 1563 Civil.
363 1532 451 1573 cap.
501 1530 551 1563 23
595 1513 968 1569 intercessionisque
1029 1513 1289 1555 tribunorum
1337 1514 1449 1555 nulla
1507 1516 1660 1557 ratione
1720 1517 1856 1558 hahita
1911 1529 2096 1559 senatus—

190 1588 422 1632 consultum
458 1582 585 1631 illud,
611 1582 747 1639 quod,
775 1595 819 1623 ut
840 1584 895 1624 ait
921 1583 1094 1632 Caesar,
1123 1584 1164 1623 in
1190 1587 1464 1639 desperatione
1494 1588 1673 1626 omnium
1703 1590 1846 1627 salutis
1878 1585 1993 1627 edere
2019 1601 2095 1627 so·-

190 1659 357 1705 lebant‚
389 1652 671 1712 perscribunt:
731 1652 869 1700 „Dent
890 1665 1052 1707 operam
1083 1652 1294 1703 consules,
1316 1663 1549 1708 praetores,
1583 1653 1731 1693 tribuni
1761 1653 1916 1709 plebis,
1948 1655 2100 1711 quique

193 1725 425 1769 consulares
454 1719 638 1761 sunt‘ad
672 1719 842 1769 urbem,
874 1734 923 1759 ne
954 1718 1053 1775 quid
1081 1733 1142 1759 res
1170 1720 1335 1774 publica
1366 1719 1595 1759 detrimenti
1637 1721 1813 1775 capiat.“
1846 1721 1946 1766 Bell.
1976 1722 2101 1763 Civil.

192 1812 280 1852 cap.
321 1796 357 1835 5.
385 1792 482 1832 Post
509 1804 610 1845 quae
637 1788 784 1829 Caesar
825 1787 1041 1829 Rubicone
1079 1787 1243 1829 traiecto
1278 1787 1516 1828 Ariminum
1551 1802 1592 1828 se
1637 1788 1822 1830 contulit.
1857 1789 1954 1830 Bell.
1987 1789 2101 1832 civil.

191 1866 231 1906 8.
266 1863 428 1904 Sueton.
454 1858 546 1900 Jul.
574 1857 688 1902 Caes,
719 1872 806 1913 cap⁴
835 1858 904 1899 53.
935 1856 1153 1913 Pompeius
1183 1855 1325 1899 consul
1345 1868 1485 1898 contra
1515 1856 1727 1899 Caesarem
1760 1858 1915 1899 hostem
1942 1858 2098 1913 patriae

189 1933 344 1975 bellum
366 1928 498 1988 gessit.
529 1928 572 1969 A
603 1926 787 1984 partibus
817 1925 937 1983 igitur
968 1938 1128 1970 senatus
1151 1939 1189 1969 et
1217 1927 1352 1985 legum
1394 1938 1574 1976 steterat,
1607 1941 1736 1985 neque
1764 1925 1865 1984 quid
1902 1927 1944 1967 in
1979 1926 2098 1979 sinu,

190 2016 358 2060 regnum
398 2001 567 2039 fortasse
605 1996 825 2046 affectans,
863 1997 1079 2048 sensisset,
1107 1998 1189 2039 huc
1224 1997 1418 2039 attinebat
1459 1996 1675 2056 inquirere.
1736 1996 1876 2053 Quare
1907 1997 2011 2039 belle
2048 1996 2098 2039 de

191 2071 441 2128 Pompeiano
470 2066 646 2109 exercitu
674 2065 734 2107 Π.
753 2095 765 2117 ,
794 2066 890 2110 531.

356 2256 438 2281 esse
476 2242 693 2279 videbatur.
723 2243 917 2274 Iusserant
946 2240 1047 2273 enim
1073 2245 1114 2273 et
1132 2238 1307 2273 consules
1336 2244 1425 2273 ante
1448 2249 1556 2272 suum
1587 2238 1790 2274 discessum
1817 2244 1857 2273 et
1882 2240 1964 2286 ipse
1984 2240 2101 2276 Pom-

357 2305 464 2354 peius
504 2315 552 2338 ex
578 2299 841 2350 proconsulari
873 2298 1034 2344 imperio
1073 2304 1115 2333 ut
1147 2310 1279 2334 omnes
1321 2310 1361 2334 se
1396 2296 1704 2334 Thessalonicam
1742 2304 1993 2346 sequerentur
2027 2305 2103 2346 etc·
2132 2302 2134 2304 ’

359 2379 449 2417 quas
480 2364 528 2401 ob
569 2375 697 2399 causas
738 2362 791 2397 eis
817 2373 897 2395 sese
930 2360 1049 2395 maior
1090 2370 1176 2406 pars
1216 2365 1442 2395 senatorum
1480 2359 1726 2407 equitumque
1762 2358 1827 2395 alii
1854 2372 1875 2396 e
1907 2360 2099 2409 vestigio,

358 2428 424 2465 affl
452 2424 694 2475 postmodum
723 2420 1051 2460 coniunxerunt.“

1782 2479 1810 2510 2
1839 2493 1855 2510 ο
