2337 3088
1022 183 1061 234 )(
1125 192 1176 234 14
1236 182 1279 234 )(

193 285 396 329 Rubicon
436 299 459 328 a
490 284 660 328 Caesare
690 282 900 332 traiectus,
938 280 1146 324 Domitius
1191 295 1286 322 cum
1332 282 1414 324 suis
1456 284 1626 327 Corfinii
1670 284 1874 337 domitus,
1912 285 2095 344 Pompeii

196 356 439 399 Brundusio
471 355 513 395 in
541 354 714 407 Epirum
740 351 857 405 fuga,
887 351 1026 391 Roma
1058 366 1081 391 a
1104 350 1259 391 Catone
1293 362 1517 407 occupata,
1546 356 1687 411 copiae
1722 357 1763 397 in
1798 357 1997 415 Hispania
2031 354 2103 396 de·-

196 425 353 476 victae,
385 424 426 464 in
463 420 705 477 Pompeium
728 420 863 477 ipsum
900 437 969 479 per
997 420 1256 463 Thessalicos
1282 436 1446 478 campos
1488 422 1661 479 impetus
1696 428 1856 478 sactus5
1889 427 2103 483 Pompeius

196 496 353 542 victus,
406 491 631 548 profugus,
666 491 827 531 Phariis
887 491 1038 548 perfide
1088 489 1338 539 trucidatus,
1384 504 1430 531 ac
1484 488 1658 547 denique
1709 495 1857 552 Magni
1909 505 2029 551 caput
2080 507 2103 533 a

194 560 499 622 percussoribus
543 560 712 604 Caesari
754 562 954 607 oblatum,
1016 560 1131 615 Quae
1174 573 1235 599 res
1280 559 1347 600 vix
1398 575 1519 617 supra
1564 575 1717 601 annum
1761 563 1951 605 durantes
1992 561 2103 603 haud

193 632 404 674 difficulter
431 631 661 672 consociari
693 646 739 673 ac
776 631 948 688 perspici
981 639 1161 686 possunt.
1221 628 1357 669 Etiam
1395 627 1451 669 ita
1482 641 1747 686 comparatae,
1768 643 1888 681 sunt,
1926 643 1969 673 ut
2010 631 2100 672 lec-

194 715 299 744 tores
336 701 486 756 partim
529 700 581 741 ad
612 699 755 749 fortia,
791 700 939 755 partim
980 697 1032 739 ad
1075 698 1218 754 pulcra
1256 709 1292 738 et
1330 699 1495 740 honesta
1538 698 1758 755 impellant.
1791 699 1939 739 Caesar
1970 699 2103 749 enirn⁷

194 769 379 831 quamvis
420 769 575 828 patriae
603 768 752 820 hostis,
780 769 926 812 animis
953 768 1156 828 generosis
1186 780 1223 811 et
1252 768 1413 811 acribus
1446 768 1619 821 eminet,
1640 781 1759 827 atque
1793 768 1946 826 ubique
1984 785 2099 812 amor

196 844 349 902 patriae
395 856 443 883 ac
480 841 657 882 defensio
690 840 886 880 libertatis
925 838 1280 883 commendantur.
1319 837 1478 878 Deinde
1505 838 1545 878 in
1586 853 1660 880 suo
1687 840 1867 881 carmine
1903 853 2100 884 monstrat

195 913 314 953 nobis
340 921 459 967 poeta
485 924 634 950 numen
662 920 896 959 aeternum,
929 907 1042 964 quod
1083 922 1218 947 rerum
1261 918 1397 948 ortum
1438 918 1475 948 et
1512 907 1751 960 interitum,
1801 908 1995 951 libertatis
2034 919 2103 954 aut

193 993 463 1036 tyrannorum
489 977 746 1018 dominatum
776 977 958 1031 imperat.
995 977 1063 1016 Ac
1092 976 1113 1015 I
1130 1005 1140 1024 ,
1165 989 1221 1028 70
1245 988 1281 1016 et
1305 990 1414 1030 seqq.
1453 979 1520 1017 δι.
1551 989 1588 1017 et
1612 992 1694 1032 seq.
1727 978 1974 1032 significatur
1998 981 2105 1019 civi-

196 1060 319 1099 tates,
354 1061 449 1089 cum
472 1044 524 1087 ad
551 1059 760 1087 summum
787 1043 1079 1101 magnitudinis
1110 1056 1146 1087 et
1175 1045 1377 1102 potentiae
1406 1043 1660 1099 devenerint,
1687 1049 1922 1106 praecipites
1957 1050 2040 1091 fieri
2070 1063 2107 1093 et

195 1118 239 1159 in
268 1115 489 1173 perniciem
521 1128 649 1155 ruere.
710 1113 897 1154 Multum
932 1126 1065 1155 autem
1092 1114 1264 1155 carmini
1291 1113 1497 1172 dignitatis
1529 1129 1566 1158 et
1599 1117 1788 1173 ponderis
1823 1132 1941 1175 poeta
1973 1134 2107 1162 noster

195 1184 444 1234 addidisset,
472 1184 504 1225 si
530 1182 730 1240 posuisset
754 1181 961 1225 decretum
997 1200 1019 1225 a
1049 1184 1124 1226 diis
1153 1199 1236 1226 esse
1254 1215 1264 1233 ,
1290 1182 1439 1225 liberos
1468 1185 1682 1227 Romanos
1724 1188 1832 1238 sore,
1866 1191 2003 1245 quoad
2041 1193 2106 1246 pie

194 1264 233 1297 et
257 1265 380 1312 parce
407 1252 605 1295 viverent.
642 1251 767 1311 Quod
793 1254 973 1312 profecto
1003 1268 1095 1297 vere
1127 1252 1289 1297 dixisset
1317 1266 1354 1299 et
1383 1253 1502 1315 longe
1530 1267 1622 1299 ante
1651 1255 1721 1300 has
1750 1272 1811 1301 res
1851 1271 1959 1303 actas
1990 1278 2104 1319 prae-

194 1325 326 1380 sagire
366 1324 571 1378 potuisset.
634 1323 694 1363 Ea
722 1325 828 1362 enim
870 1337 926 1364 est
962 1325 1095 1364 omnis
1136 1325 1192 1365 rei
1224 1324 1411 1379 publicae
1454 1324 1635 1364 conditio
1666 1350 1713 1356 —
1744 1341 1830 1366 eam
1869 1328 1961 1370 dico
1994 1343 2103 1381 rem,

194 1409 320 1452 quam
343 1393 519 1452 populus
548 1392 801 1436 administrat
828 1420 874 1428 —
908 1407 954 1437 ut
979 1394 1098 1436 simul
1125 1409 1172 1435 ac
1203 1393 1385 1436 libertate
1417 1393 1582 1451 indigna
1609 1397 1672 1446 fit,
1699 1413 1787 1437 eam
1818 1400 1956 1440 statim
1981 1401 2103 1442 amit-

194 1476 265 1506 tat.
324 1463 405 1505 His
450 1477 547 1522 vero
590 1463 840 1520 temporibus
881 1464 1076 1505 Romana
1127 1461 1225 1502 fides
1271 1474 1309 1503 et
1349 1463 1540 1503 Romana
1588 1463 1716 1504 virtus
1770 1464 1964 1508 labefacta
2006 1480 2101 1510 erat.

195 1531 393 1588 „Nuper‚
427 1532 482 1573 ait
514 1531 657 1573 Livius
689 1531 859 1587 praefat.
890 1530 1054 1573 divitiae
1088 1531 1298 1573 avaritiam
1318 1562 1329 1582 ,
1368 1543 1404 1573 et
1436 1532 1687 1574 abundantes
1726 1534 1952 1591 voluptates
1990 1520 2104 1578 desi-

198 1602 356 1645 derium
383 1617 454 1659 per
487 1600 633 1642 luxum
662 1602 782 1658 at'que
809 1599 1023 1644 libidinem
1059 1601 1258 1660 pereundi
1278 1599 1555 1659 perdendique
1590 1602 1725 1644 omnia
1764 1602 1995 1648 invexere.“
2054 1607 2107 1649 Et

198 1673 302 1718 ibid.
336 1672 461 1728 paulo
487 1672 684 1727 superius.
747 1670 919 1721 „Donec
957 1671 1008 1710 ad
1052 1672 1150 1712 haec
1185 1683 1388 1726 tempora,
1410 1669 1560 1725 quibus
1585 1684 1656 1711 nec
1694 1671 1790 1713 vitia
1816 1686 1984 1725 nostra,
2032 1691 2106 1719 nec

193 1739 372 1784 remedia
401 1739 486 1798 pati
514 1753 757 1796 possumus,
794 1751 1032 1795 perventum
1069 1747 1172 1782 est.“
1234 1740 1351 1797 Quae
1382 1752 1428 1779 eo
1458 1737 1642 1780 luxuriae
1682 1750 1720 1781 et
1749 1739 1914 1782 inertiae
1946 1743 2106 1788 devenit

190 1825 256 1854 res
283 1809 451 1866 publica
467 1841 479 1861 ‚
505 1824 592 1851 eam
616 1810 747 1866 subigi
766 1824 923 1850 necesse
953 1821 1041 1858 est,
1060 1824 1232 1865 vereque
1261 1808 1310 1849 de
1331 1807 1450 1848 rebus
1476 1806 1678 1849 Romanis
1702 1808 1848 1849 borum
1876 1822 2105 1868 temporum

195 1879 259 1922 Cl.
293 1879 588 1935 Montesquieu
627 1879 668 1919 in
697 1879 875 1934 scripto:
908 1876 1077 1919 Consid.
1119 1892 1188 1919 sur
1229 1878 1286 1918 les
1319 1891 1459 1918 causes
1499 1889 1572 1917 etc.
1617 1891 1705 1932 cap.
1744 1877 1803 1920 II.
1846 1880 1879 1920 si
1913 1880 2035 1922 Ce'sar
2068 1895 2106 1924 et

191 1949 371 2006 Pompee
411 1948 573 1989 avoien't
609 1947 732 2004 pense
769 1960 930 1988 comme
975 1945 1140 1996 Cama,
1184 1945 1359 1987 d'autres
1402 1945 1586 1986 auroient
1624 1946 1744 2002 pense
1791 1963 1947 1991 comme
1990 1953 2106 1996 firent

192 2020 316 2062 Cesar
351 2028 390 2059 et
421 2016 599 2071 Pompee
618 2032 631 2063 ;
665 2027 702 2057 et
730 2016 768 2056 la
797 2015 1062 2071 rdpubfique,
1097 2014 1272 2056 destinee
1318 2015 1341 2054 a
1380 2014 1516 2071 perir,
1561 2015 1693 2056 auroit
1733 2015 1794 2056 έιέ
1825 2020 2024 2061 entrainee
2053 2037 2105 2063 au

191 2086 393 2144 precipice
420 2099 496 2140 par
527 2097 607 2124 une
633 2095 746 2124 autre
776 2083 900 2124 main.
963 2083 1026 2123 De
1063 2083 1250 2124 libertate
1288 2083 1543 2124 Graecorum
1576 2084 1727 2126 ultimis
1756 2089 2007 2144 temporibus
2039 2091 2102 2131 vel

194 2173 215 2214 a
243 2155 436 2217 Philippo
453 2185 465 2206 ,
491 2152 555 2195 vel
587 2152 640 2193 ab
668 2152 750 2193 alio
790 2152 935 2209 quovis
961 2151 1229 2208 opprimenda
1255 2152 1347 2193 vide
1373 2153 1650 2209 Prolegomen.
1686 2167 1811 2196 nostr.
1851 2157 1893 2198 in
1926 2159 2098 2202 Isocrat-

191 2225 393 2285 Philippic
421 2240 461 2283 p.
494 2237 562 2279 27.
593 2233 631 2265 et
657 2236 768 2280 seqq.
820 2221 1031 2264 Hactenus
1061 2221 1110 2264 de
1138 2220 1370 2265 Pharsaliae
1403 2233 1640 2279 argumento
1672 2234 1710 2266 et
1737 2224 1828 2266 fine.
1859 2224 1934 2269 Ad
1969 2241 2101 2285 partes

194 2310 303 2336 nunc
327 2306 364 2334 et
395 2294 574 2334 colorem
608 2292 800 2332 carminis
834 2302 1097 2332 transeamus.

278 2396 391 2439 Ante
439 2395 573 2435 omnia
619 2382 762 2435 merito
825 2391 1094 2456 reprehendas
1142 2404 1427 2457 argumentum
1495 2393 1686 2436 carminis
1739 2396 1846 2441 male
1889 2396 2102 2454 signatum.
