2337 3088
1067 188 1291 245 )(6)(

208 309 415 353 navesque
442 307 585 338 eorum
615 307 639 335 a
662 291 828 336 Pallade
853 291 1068 342 disiectas,
1094 289 1287 333 cecinisse
1326 288 1502 345 dicitur,
1538 308 1661 351 quem
1686 294 1889 352 Penelope
1923 293 2119 351 interpel-

210 365 326 409 lans:
386 364 581 417 „Multa,
606 361 762 420 inquit,
791 360 870 403 alia
900 359 1138 403 mortalium
1165 359 1461 404 oblectamenta
1487 363 1663 416 novisti,
1689 377 1798 423 gesta
1826 365 2120 421 hominumque

211 437 511 492 deorumque.“
540 437 583 486 ⁴¹)
614 432 757 489 Atque
778 430 899 472 Iliad.
934 430 1029 477 libr.
1059 431 1144 474 IX.
1176 431 1372 490 Ulysses,
1399 429 1619 473 Diomedes
1641 443 1680 475 et
1706 434 1889 480 Phoenix
1911 426 2122 481 Achillem

212 508 254 549 in
290 503 461 548 tentorio
492 502 584 559 lyra
630 501 833 545 levantem
861 516 979 544 curas
1018 514 1056 544 et
1083 502 1227 560 procul
1256 501 1419 559 proeliis
1455 501 1706 558 proeliorum
1740 505 2010 563 descriptione
2053 521 2123 547 re-

213 586 416 617 creantem
461 573 648 615 animum
680 574 898 631 reperiunt.
958 574 1057 615 Non
1090 586 1170 613 una
1209 569 1376 628 quidem
1421 582 1509 613 tum
1554 573 1745 630 temporis
1788 591 1875 627 res,
1910 575 1983 620 sed
2014 588 2123 620 totus

216 659 352 687 rerum
383 642 489 685 ordo
520 642 586 685 vel
619 642 761 700 cyclus
799 646 866 697 *Ἴ
897 641 1189 693 enarrabatur,
1216 641 1272 684 ita
1309 653 1354 684 ut
1391 641 1433 683 in
1459 642 1705 699 exponendis
1736 644 1890 687 civium
1929 647 2049 705 gestis
2083 658 2121 689 et

214 714 464 773 populorum
494 712 610 763 fatis,
641 726 736 754 cum
763 723 893 754 totum
920 726 1059 754 rerum
1088 713 1229 755 orbem
1261 713 1506 763 recitarunt,
1541 711 1639 754 alter
1671 712 1842 754 alterum
1880 727 2021 757 cantor
2053 731 2126 758 ex-

213 784 376 841 ceperit.
421 784 491 824 Ac
521 781 710 833 videtur,
746 781 843 840 quia
880 782 958 824 hoc
1004 794 1288 843 argumentum
1321 781 1391 823 alii
1419 781 1501 823 iam
1524 782 1763 827 cecinissent
1792 787 1885 840 ””)
1912 783 2123 842 Capherea

216 853 352 898 clades
382 853 559 898 delibata
595 863 753 897 tantum
784 866 869 894 esse
904 852 1058 910 Odyss.
1102 852 1202 903 IV,
1235 863 1316 908 499
1344 864 1383 895 et
1409 853 1508 904 IX,
1542 855 1610 907 67.
1652 853 1748 911 Quo
1783 855 1927 897 ultimo
1952 855 2045 897 loco
2075 871 2124 898 ne

220 924 481 983 Caphareum
518 921 686 980 quidem
717 934 787 965 aut
829 921 1033 965 Caristum
1052 953 1063 972 ,
1094 935 1165 966 aut
1192 922 1465 982 Gyrospetras
1493 924 1686 984 Ulysses,
1711 942 1784 969 sua
1820 927 1901 970 fata
1933 944 2125 979 narrans,

218 1005 439 1050 nuncupat.
504 991 651 1033 Statim
697 990 833 1042 enim,
877 1003 1098 1050 postquam
1139 1006 1202 1035 res
1253 993 1296 1035 in
1344 991 1529 1036 Thracia
1574 993 1684 1052 apud
1739 995 1910 1040 Cicones
1947 1008 2127 1055 peractas

218 1061 448 1113 enarravit,
478 1060 533 1103 ita
560 1061 690 1118 pergit
715 1077 756 1103 v.
793 1063 860 1116 67.

385 1153 576 1195 Navibus
603 1166 738 1196 autem
764 1155 930 1198 immisit
959 1167 1125 1198 ventum
1149 1156 1326 1197 Boream
1355 1156 1719 1199 nubium-coactor
1747 1159 1912 1214 Jupiter

385 1220 495 1264 Cum
520 1224 700 1281 procella
724 1225 900 1284 ingenti,
932 1225 1189 1283 nubibusque
1217 1225 1427 1282 cooperuit

387 1293 566 1335 Terram
600 1295 720 1335 simul
748 1307 785 1336 et
816 1306 1017 1351 pontum3
1046 1295 1197 1352 ingruit
1223 1307 1319 1335 vero
1347 1307 1368 1332 e
1394 1293 1508 1335 coelo
1535 1309 1629 1336 nox.

388 1362 485 1406 Hae
514 1359 678 1421 quidem
713 1363 858 1405 deinde
891 1364 1120 1405 ferebantur
1152 1364 1370 1420 obliquae3
1404 1365 1493 1405 vela
1528 1375 1664 1405 autem
1701 1364 1797 1422 ipsis

388 1432 442 1473 In
473 1444 550 1473 tres
576 1446 832 1490 quatuorque
860 1445 992 1489 partes
1019 1432 1186 1474 discidit
1213 1433 1274 1474 vis
1309 1434 1430 1474 venti.

388 1501 444 1541 Et
468 1501 568 1541 haec
597 1501 765 1558 quidem
797 1502 839 1542 in
868 1517 990 1544 naves
1020 1502 1282 1558 deposuimus
1299 1532 1310 1553 ,
1338 1501 1520 1544 timentes
1545 1502 1781 1555 interitum3

386 1569 506 1626 Ipsas
538 1585 636 1613 vero
664 1571 900 1614 festinanter
934 1571 1203 1615 subduximus
1235 1572 1288 1614 ad
1321 1572 1607 1615 continentem.

389 1638 476 1681 Hic
505 1638 608 1681 duas
634 1651 772 1681 noctes
800 1651 839 1681 et
867 1639 969 1682 duos
1005 1640 1089 1682 dies
1112 1641 1196 1685 etc.

295 1800 332 1840 ⁴¹)
362 1799 490 1834 Unum
515 1796 562 1834 de
587 1799 730 1834 deorum
747 1802 852 1845 gestis
884 1807 1014 1837 narrat
1044 1798 1287 1836 Demodocus
1316 1797 1451 1845 Otlyss.
1481 1799 1607 1843 v111,
1639 1800 1709 1834 266
1745 1805 1783 1833 et
1814 1810 1919 1848 seqq.

271 1875 334 1917 Μ’)
362 1876 417 1910 Eo
442 1874 572 1921 cyclus
604 1876 733 1922 epicus
759 1883 797 1911 et
826 1883 963 1923 poetae
1003 1877 1164 1923 cyclici,
1200 1882 1243 1909 ut
1270 1874 1333 1909 alii
1360 1874 1520 1916 volunt,
1546 1873 1657 1919 cyclii
1685 1874 1899 1920 pertinent,
1930 1874 1976 1910 de
1997 1874 2132 1923 quibus

367 1936 522 1973 Proclus
556 1936 826 1975 chrestomatia
855 1935 957 1985 apud
984 1935 1161 1972 Photium
1207 1934 1289 1972 cod.
1318 1934 1402 1970 239.
1454 1932 1731 1978 „Terminatur
1762 1934 1889 1981 cyclus
1924 1935 2052 1983 epicus
2092 1948 2141 1972 ex

370 1997 489 2034 variis
514 2001 638 2045 poetis
673 2000 867 2046 perfectus
900 1998 946 2034 ad
988 1999 1255 2034 excensionem
1302 2006 1420 2042 usque
1459 1993 1605 2039 Ulyssis
1636 1994 1677 2029 in
1714 1994 1909 2041 Ithacam,
1940 1996 1981 2031 in
2012 2008 2087 2045 quo
2119 2007 2141 2032 a

369 2056 450 2094 filio
479 2058 697 2106 Telegono,
726 2060 860 2107 ignaro
886 2058 988 2108 quod
1015 2066 1126 2107 pater
1152 2066 1275 2104 esset,
1302 2055 1576 2096 interficitur.“

246 2143 337 2185 ***)
362 2146 423 2178 Ita
452 2143 631 2180 Phemius
667 2144 731 2179 ille
775 2144 1003 2179 Homericus
1055 2144 1203 2178 reditum
1237 2153 1379 2189 gravam
1414 2141 1653 2179 Achivorum
1700 2143 1851 2179 cecinit.
1888 2144 2010 2180 Huius
2044 2157 2141 2182 vero

366 2205 519 2241 initium
570 2212 609 2241 et
654 2212 818 2242 eventus
855 2205 1080 2253 praecipuus
1130 2203 1252 2241 clades
1296 2203 1489 2250 Capharea
1535 2202 1633 2247 fuit,
1680 2216 1753 2252 qua
1795 2204 1822 2238 ii
1872 2207 2029 2251 Graeci,
2079 2206 2145 2254 qui

367 2278 452 2301 cum
494 2267 788 2313 Agamemnone
831 2274 1119 2311 remanserant,
1171 2268 1210 2302 iu
1263 2265 1432 2302 diversas
1485 2271 1611 2312 partes
1655 2263 1825 2301 distracti
1864 2266 2033 2305 fuerunt.
2087 2270 2146 2305 Ex

371 2327 500 2373 priscis
535 2328 609 2365 illis
651 2328 822 2379 cantibus
858 2341 1025 2365 manasse
1070 2328 1249 2382 yidentur
1294 2340 1338 2363 ea
1379 2339 1474 2374 quae
1516 2325 1616 2373 apud
1651 2327 1835 2374 Quintum
1873 2328 2021 2364 Calabr.
2056 2328 2144 2363 libr.

372 2388 463 2420 XII.
495 2395 532 2422 et
553 2389 598 2423 in
622 2391 785 2427 Senecae
816 2391 1105 2437 Agamemnone
1125 2389 1171 2427 de
1200 2391 1433 2426 Graecorum
1471 2385 1597 2422 reditu
1623 2394 1659 2423 et
1696 2386 1742 2425 de
1770 2388 1882 2426 Locri
1905 2387 2033 2425 Aiacis
2058 2386 2145 2426 fatis

373 2456 629 2495 reperiuntur.
