2337 3088
1067 209 1110 262 )(
1168 220 1221 250 22
1281 207 1323 260 )(

308 310 518 368 Sapienter
548 309 788 352 Aristoteles
815 306 865 349 de
892 310 1003 365 poesi
1029 309 1142 367 epica
1170 309 1268 353 Art.
1293 317 1400 364 poet.
1429 305 1531 361 Cap.
1560 305 1742 350 XXIV.
1803 309 2016 358 „Omnino
2038 324 2138 351 nar—

225 397 320 424 rans
349 380 521 424 imitatio
542 379 696 421 ceteris·
714 376 991 420 abundantior
1014 382 1119 420 est.“
1150 377 1311 419 Etenim
1342 389 1377 419 et
1407 376 1660 418 sermonibus
1679 378 1865 420 virorum
1892 391 1929 421 et
1958 380 2139 437 descrip-
2184 399 2189 402 >

227 450 338 491 tione
377 461 418 491 etv
442 449 699 505 expositione
740 450 797 491 rei
827 451 886 499 fit.
945 450 1183 491 Imitatione
1226 450 1340 506 epica
1380 449 1482 490 inter
1514 461 1666 490 ceteros
1707 452 1863 494 excellit
1912 453 2134 493 Homerus.

227 520 279 562 In
306 518 537 561 Homericis
576 518 826 561 carminibus
860 518 929 561 vix
964 517 1119 576 aliquid
1144 518 1316 576 legitur,
1347 518 1458 576 quod
1489 532 1569 562 non
1595 519 1812 576 imaginem
1851 521 1986 563 animo
2014 535 2137 578 prae-

223 590 328 630 beat.
390 590 459 630 Ac
506 590 687 645 primum
723 589 851 629 multa
900 586 1101 628 vocabulo
1147 588 1333 643 apposito
1367 589 1474 629 belle
1511 588 1731 645 signantur.
1791 589 1956 632 Dicitur
1994 604 2139 632 aurora

223 661 286 701 vel
331 664 787 718 cum-aureis-digitis,
822 662 884 702 vel
923 662 1280 709 in-aureo-solio‚
1319 673 1401 700 nox
1435 660 1670 709 tenebrosa,
1707 674 1819 700 mare
1858 661 1920 701 vel
1957 675 2139 712 vastum,

222 730 282 771 vel
311 733 468 779 sterile,
504 730 566 770 vel
598 733 862 780 immensum,
891 740 992 770 terra
1035 739 1093 769 est
1126 728 1190 768 vel
1239 730 1459 779 immensa,
1496 727 1557 767 vel
1578 730 1738 783 jer-ax,
1766 727 1829 768 vel
1854 732 2138 783 frumentum-

214 805 377 855 [ει-ηις,
418 815 524 857 aqua
565 812 624 840 est
665 803 985 855 pulcre-fluens,
1025 799 1170 840 vinum
1212 801 1327 839 dulce
1368 797 1428 837 vel
1478 800 1703 845 mellitum;
1752 790 1856 857 equa
1905 800 2028 841 maris
2083 814 2140 844 est

222 869 347 910 modo
370 885 544 920 seriora,
587 868 712 910 modo
741 872 874 910 caesia
895 898 905 918 ,
940 867 1002 909 vel
1037 867 1172 908 colore
1198 861 1329 909 vinum
1358 869 1552 921 reserens,
1582 866 1736 924 Iupiter
1776 880 1833 910 est
1870 873 2139 912 veliementer-

222 957 392 989 sonans,
426 940 486 980 vel
515 943 912 994 fulmine-gaudens
944 950 1018 978 etc.
1062 935 1222 977 Deinde
1261 937 1476 986 Heroum,
1518 952 1612 978 cum
1652 950 1809 994 agentes
1857 937 2137 991 inducuntur,

222 1005 380 1050 habitus
419 1018 456 1049 et
486 1016 620 1048 motus
648 1004 831 1061 corporis
863 1004 1015 1062 egregie
1052 1003 1271 1063 significari
1307 1003 1451 1046 solent.
1510 1003 1631 1047 Iliad.
1662 1005 1765 1060 IX,
1801 1019 1891 1063 192.

446 1088 516 1128 Illi
546 1099 680 1127 autem
704 1099 1010 1142 processerunt,
1038 1087 1208 1141 praeivit
1241 1097 1374 1126 autem
1402 1087 1573 1141 Ulysses

448 1160 517 1199 Ac
541 1171 616 1212 pro
643 1170 689 1197 eo
721 1156 893 1198 stabant.
928 1156 1089 1197 Mirans
1121 1156 1291 1197 surrexit
1325 1155 1507 1197 Achilles

449 1227 603 1282 Lyram
628 1239 754 1266 manu
788 1236 948 1273 tenens,
977 1236 1014 1266 et
1038 1224 1226 1281 linquens
1250 1223 1387 1264 sellam
1422 1223 1461 1265 in
1492 1240 1570 1282 qua
1603 1224 1795 1278 sedebat3

449 1295 685 1352 Pariterque
715 1294 885 1334 surrexit
910 1293 1146 1342 Patroclus,
1181 1307 1274 1334 cum
1308 1295 1410 1335 vidit
1438 1294 1632 1335 homines.

312 1363 425 1408 Ibid.
458 1365 505 1414 I,
535 1365 630 1417 348.
1224 1369 1242 1387 ¹

451 1432 635 1475 Achilles
663 1443 798 1472 autem

447 1504 617 1546 Plornns
646 1504 789 1560 procul
823 1503 941 1545 sociis
981 1514 1017 1543 et
1049 1513 1278 1559 segregatus
1307 1502 1415 1545 sedet

447 1573 499 1613 In
519 1559 661 1615 ⁴littore
679 1605 690 1621 ,
716 1574 837 1613 max-is
867 1574 995 1628 pulli,
1028 1572 1224 1628 aspiciens
1253 1572 1293 1611 in
1324 1573 1483 1629 nigrum
1512 1586 1683 1628 pontum

450 1641 672 1699 Multaque
702 1642 820 1684 matri
854 1656 969 1683 carue
1002 1641 1159 1692 oravit,
1200 1654 1342 1683 manus
1372 1639 1592 1684 intendens.

311 1710 364 1750 Et
386 1709 558 1765 Odysse.
597 1712 739 1761 XVI,
773 1713 834 1755 ΙΙ.

448 1794 651 1837 Nondum
684 1807 789 1837 totus
824 1796 955 1838 dictus
984 1809 1067 1838 erat
1097 1812 1255 1849 sermo,
1289 1815 1418 1856 quum
1446 1799 1479 1839 ei
1512 1796 1680 1840 dilectus
1709 1797 1812 1839 fitius

446 1863 562 1905 Stetit
595 1864 635 1904 in
667 1864 904 1914 vestibuli53
935 1865 1144 1920 perculsus
1180 1879 1314 1908 autem
1344 1867 1518 1923 prosiliit
1548 1867 1742 1908 subulcus
1761 1896 1773 1917 ‚

448 1934 588 1988 Atque
615 1947 662 1973 ex
687 1932 770 1973 eius
801 1933 987 1974 manibus
1014 1934 1248 1978 ceciderunt
1276 1950 1373 1977 vasa
1391 1966 1401 1985 ,
1439 1936 1586 1992 quibus
1619 1936 1827 1988 utebatur,

450 2004 633 2046 Mtscens
662 2020 900 2062 generosum
933 2008 1089 2048 vinum.
1122 2007 1218 2065 Ipse
1243 2020 1340 2048 vero
1371 2005 1516 2045 obvius
1544 2003 1617 2044 ivit
1651 2004 1773 2054 hero,

449 2071 751 2131 Osculatusque
780 2088 836 2117 est
863 2075 938 2133 ipsi
966 2089 1167 2134 caputque
1195 2089 1233 2120 ct
1262 2076 1384 2118 ambo
1411 2074 1564 2116 lumina
1599 2074 1740 2131 pulcra

406 2193 408 2197 Ι
452 2140 691 2200 Manrisque
721 2143 865 2193 albas;
897 2146 997 2188 uber
1026 2158 1160 2187 autem
1189 2146 1222 2186 ei
1253 2145 1400 2189 excidit
1424 2145 1615 2201 lacryma.

229 2238 455 2295 Virgilius,
504 2255 739 2298 quanquam
776 2243 812 2283 in
844 2244 1076 2286 universum
1131 2250 1321 2302 enargeia
1353 2246 1411 2286 illi
1447 2241 1672 2286 Homerica
1715 2238 1845 2291 deest,
1878 2240 1918 2281 in
1947 2238 2133 2297 descrip-

231 2311 337 2348 tione
376 2320 413 2348 et
450 2312 702 2351 enarratione
750 2313 914 2352 feliciter
958 2314 1194 2369 plerumque
1231 2327 1425 2356 versatur.
1486 2312 1649 2353 Eminet
1680 2309 1891 2365 praecipue
1927 2310 1967 2350 in
2009 2310 2135 2350 animi

229 2377 406 2419 motibus
439 2377 501 2420 vel
536 2395 604 2436 per
637 2380 862 2425 orationem
888 2381 970 2427 eius
989 2415 1000 2436 ,
1043 2399 1164 2442 quem
1193 2385 1435 2445 loquentem*
1466 2381 1586 2434 facit,
1618 2377 1898 2432 declarandis3
1945 2379 1999 2422 ita
2028 2379 2134 2424 Iuno

229 2448 404 2491 ,Acucitl-
440 2449 489 2497 I,
519 2451 586 2504 37.
1664 2454 1667 2457 ’
