2337 3088
1015 162 1056 212 )(
1117 176 1167 205 12
1225 164 1265 214 J(

424 261 465 306 O
494 261 690 304 scelerum
718 261 867 303 ultores
896 259 1145 319 melioraque
1171 259 1284 317 signa
1310 264 1466 317 secuti,

423 332 464 372 O
489 325 580 371 vere
604 331 798 369 Romana
833 343 978 370 manus
997 359 1008 380 ,
1040 329 1190 386 quibus
1219 343 1334 369 arma
1371 342 1532 373 senatus

422 400 521 441 Non
543 400 701 457 privata
729 398 867 453 dedit,
897 399 1002 444 votis
1033 397 1239 456 deposcite
1263 414 1459 456 pugnam.

197 471 251 513 Et
279 467 329 510 de
349 469 534 526 patribus
558 469 601 512 iu
627 470 756 529 Epiro
785 469 978 514 collectis.
1015 483 1055 512 v·
1088 483 1152 513 12-

418 539 533 580 Nam
563 540 655 596 quis
683 552 815 582 castra
848 552 964 582 vocet
990 551 1049 580 tot
1085 539 1243 579 strictas
1274 541 1361 581 iure
1388 554 1573 595 secures,

420 609 508 652 Tot
532 608 672 652 faces?
701 609 857 653 Docuit
882 608 1058 668 populos
1088 608 1329 652 venerabilis
1354 609 1457 653 ordo

414 679 518 721 Non
541 679 690 737 Magni
720 691 852 737 partes
868 709 880 731 ,
908 678 980 722 sed
1006 679 1213 738 Magnum
1242 679 1285 721 in
1311 680 1492 737 partibus
1527 694 1624 724 esse.

194 750 355 795 Ibidem
386 767 425 794 v.
457 764 528 808 47.

421 820 550 864 Laeto
572 834 720 863 nomen
745 818 971 879 (Pompeii)
1003 819 1182 862 clamore
1219 831 1381 863 senatus

419 892 611 947 Excipit,
640 903 679 932 et
711 892 874 947 Magno
900 891 1030 931 fatum
1057 891 1291 947 patriaeque
1319 905 1519 947 suumque

417 957 637 1015 Imposuit.

192 1043 332 1089 Scelus
371 1054 507 1086 autem
558 1043 731 1101 impetus
762 1045 950 1089 Caesaris
990 1047 1034 1088 in
1063 1047 1163 1088 fines
1186 1046 1401 1088 Romanos
1432 1044 1532 1095 fuit,
1572 1057 1744 1102 vereque
1773 1042 1962 1086 carminis
1988 1043 2103 1087 initio

193 1114 429 1157 Pharsaliae
458 1113 653 1170 scriptor:
688 1118 752 1156 ius
782 1118 925 1158 datum
947 1119 1084 1158 sceleri
1113 1120 1310 1158 canimus.
1347 1115 1461 1156 Mire
1490 1125 1594 1156 errat
1628 1114 1888 1155 Burmannus
1916 1114 1956 1154 in
1984 1129 2103 1170 prae-

191 1185 260 1227 fat.
293 1184 393 1225 dum
421 1184 598 1240 profert:
618 1189 644 1210 “
691 1183 772 1225 Sed
797 1184 1205 1226 animadvertendum
1235 1195 1335 1240 puto
1351 1214 1362 1233 ,
1386 1182 1520 1224 statim
1545 1188 1705 1239 poetam
1727 1183 1900 1224 nimium
1924 1184 2102 1240 partium

191 1251 539 1309 Pompeianarum
575 1251 760 1296 studium
787 1254 1025 1306 ostendere,
1065 1265 1103 1296 et
1132 1268 1258 1311 quum
1304 1252 1388 1310 ipse
1429 1268 1640 1295 commune
1683 1255 1799 1308 nefas
1840 1249 1882 1292 in
1930 1263 2102 1311 utraque

191 1336 307 1381 parte
331 1335 551 1381 agnoscat,
583 1338 749 1364 causam
781 1336 911 1365 tamen
947 1324 1129 1365 Caesaris
1151 1353 1162 1372 ‚
1194 1336 1319 1379 quam
1343 1321 1428 1378 ipse
1454 1323 1546 1362 Diis
1574 1324 1775 1376 placuisse
1803 1333 1942 1377 postea
1977 1322 2102 1373 dicit,

190 1395 320 1436 scelus
346 1406 516 1435 vocare:
546 1406 629 1450 quo
669 1390 787 1434 titulo
835 1391 983 1434 centies
1030 1390 1245 1435 Caesarem
1281 1404 1318 1434 et
1358 1391 1442 1448 ejus
1477 1403 1611 1449 partes
1648 1402 1855 1448 sequentes
1904 1392 2100 1445 infamat,

190 1462 312 1504 etiam
344 1462 415 1503 ubi
446 1461 639 1504 virtutem
669 1462 891 1520 insignem,
916 1473 960 1502 ut
984 1460 1157 1503 Scaevae
1187 1462 1259 1503 lib.
1288 1462 1356 1505 VI
1376 1492 1388 1514 ,
1419 1475 1544 1518 quam
1570 1459 1692 1500 etiam
1721 1461 1763 1501 in
1789 1460 1903 1503 hoste
1935 1462 2102 1505 laudare

189 1531 420 1583 debuisset,
446 1547 675 1574 memorare
697 1544 735 1574 et
764 1546 911 1590 augere
936 1532 1082 1574 solet.“
1141 1533 1240 1572 Non
1273 1531 1383 1574 videt
1414 1530 1477 1572 vir
1501 1530 1679 1587 optimus
1709 1531 1864 1572 verbis:
1893 1547 2104 1576 commune

192 1606 307 1657 nefas
344 1606 482 1656 (nefas
527 1603 635 1643 enim
671 1602 740 1644 hic
783 1602 902 1643 solita
933 1601 1255 1659 significatione,
1288 1615 1371 1640 non
1411 1614 1455 1640 ea
1493 1615 1616 1656 quam
1653 1600 1745 1650 hic,
1775 1601 1850 1650 ΙΙ,
1894 1614 1933 1653 4.
1961 1614 1998 1643 et
2031 1603 2104 1653 V,

192 1681 287 1723 204.
326 1669 414 1712 vult
450 1670 614 1713 Ieverus
644 1670 758 1728 Spec.
808 1670 938 1712 select.
981 1669 1140 1712 observ.
1171 1673 1213 1725 ⁴¹)
1270 1670 1444 1712 exitium
1482 1667 1744 1726 sumpserim)
1775 1669 1929 1712 bellum
1959 1671 2101 1725 civile,

196 1754 279 1794 quo
338 1739 439 1780 civis
482 1754 576 1780 cum
620 1740 734 1788 cive,
775 1740 897 1780 frater
948 1753 1041 1780 cum
1079 1739 1201 1780 fratre
1238 1740 1460 1797 pugnavit,
1504 1738 1717 1797 designari.
1775 1740 1841 1780 De
1889 1754 1973 1797 quo
2019 1741 2104 1783 Dio

189 1806 353 1848 Cassius
385 1807 526 1850 histor.
557 1807 738 1848 Roman.
764 1807 900 1858 XLI,
935 1808 1001 1852 51.
1063 1810 1203 1860 „Inter
1238 1824 1279 1851 se
1306 1807 1458 1865 praelio
1484 1806 1667 1850 homines
1700 1808 1864 1865 gentiles
1890 1822 1927 1852 et
1956 1823 2104 1853 contu-

189 1875 374 1917 bernales
400 1876 497 1934 quin
523 1874 664 1917 eadem
684 1890 821 1917 mensa
847 1889 942 1917 usos
967 1887 1006 1918 et
1031 1877 1260 1920 foederibus
1291 1878 1451 1921 iunctos
1478 1877 1813 1922 commiserunt.“
1871 1876 2104 1937 (Pompeius

191 1956 229 1986 et
253 1944 402 1984 Caesar
431 1944 600 1999 scilicet)
617 1963 630 1995 3
661 1945 808 1988 deinde
844 1947 986 2003 paullo
1014 1948 1177 1990 inferius
1210 1948 1260 1991 de
1282 1949 1455 1991 ducibus
1494 1947 1635 1989 divisis
1669 1960 1707 1989 et
1736 1947 1778 1988 in
1811 1962 1852 1989 se
1875 1961 2016 1990 mutuo
2040 1950 2106 1991 di-

190 2013 463 2057 micantibus:
496 2014 578 2068 „ld
603 2016 816 2060 vinculum
846 2018 1208 2077 consanguinitatis
1224 2050 1235 2072 ,
1268 2035 1351 2078 quo
1376 2034 1444 2063 eos
1470 2030 1617 2062 natura
1644 2017 1909 2063 adstrinxerat
1941 2022 2005 2075 ¹⁴¹)
2029 2019 2100 2061 in-

287 2155 323 2196 *)
349 2152 520 2189 Mirabar
553 2151 769 2188 Weber-um
802 2155 944 2188 Lucani
972 2162 1163 2190 recentem
1201 2155 1383 2192 editorem
1424 2157 1551 2192 sutiles
1584 2169 1696 2205 saepe
1741 2163 1779 2192 et
1812 2157 1941 2193 inanes
1973 2160 2106 2194 Ieveri

350 2223 463 2253 notas
490 2215 537 2252 ad
560 2229 674 2253 unam
703 2217 903 2266 recepisse.
934 2218 1004 2254 Sed
1035 2217 1113 2254 vidi
1140 2219 1236 2255 Viro
1254 2221 1400 2263 Docto,
1425 2223 1626 2267 postquam
1652 2229 1812 2255 excusae
1833 2226 1965 2265 erant,
1989 2231 2100 2257 suum

355 2278 472 2325 ipsius
500 2277 541 2313 in
566 2277 636 2314 hac
667 2290 711 2313 re
741 2278 940 2315 consilium
969 2281 1092 2316 minus
1118 2280 1318 2329 placuisse.

270 2361 338 2406 fi)
363 2360 408 2397 Id
432 2362 694 2410 praecedentis
717 2365 928 2402 sententiae
952 2365 1072 2403 verba
1105 2366 1321 2415 explicant:
1370 2363 1640 2410 „Affinitatem
1684 2365 1773 2402 olim
1802 2371 2094 2409 contraxerant,

360 2424 593 2475 eundemque
618 2426 804 2464 infantem
839 2427 935 2464 alter
965 2434 1007 2463 ut
1035 2434 1169 2475 pater,
1202 2427 1296 2465 alter
1316 2432 1359 2464 ut
1386 2438 1480 2465 avus
1503 2425 1761 2466 dilexerant.“
