<?xml version="1.0" encoding="UTF-8"?>
<!DOCTYPE html PUBLIC "-//W3C//DTD XHTML 1.0 Transitional//EN"
    "http://www.w3.org/TR/xhtml1/DTD/xhtml1-transitional.dtd">
<html xmlns="http://www.w3.org/1999/xhtml" xml:lang="en" lang="en">
 <head>
  <title>
</title>
<meta http-equiv="Content-Type" content="text/html;charset=utf-8" />
  <meta name='ocr-system' content='tesseract 3.04.00' />
  <meta name='ocr-capabilities' content='ocr_page ocr_carea ocr_par ocr_line ocrx_word'/>
</head>
<body>
  <div class='ocr_page' id='page_1' title='image "./4774685_0021.png"; bbox 0 0 2337 3088; ppageno 0'>
   <div class='ocr_carea' id='block_1_1' title="bbox 964 198 1212 254">
    <p class='ocr_par' dir='ltr' id='par_1_1' title="bbox 964 198 1212 254">
     <span class='ocr_line' id='line_1_1' title="bbox 964 198 1212 254; baseline -0.008 -2"><span class='ocrx_word' id='word_1_1' title='bbox 964 200 1007 254; x_wconf 88' lang='grc'>)(</span> <span class='ocrx_word' id='word_1_2' title='bbox 1068 200 1118 243; x_wconf 83' lang='lat'>1&#39;5</span> <span class='ocrx_word' id='word_1_3' title='bbox 1175 198 1212 250; x_wconf 85' lang='lat'>)(</span> 
     </span>
    </p>
   </div>
   <div class='ocr_carea' id='block_1_2' title="bbox 144 297 2050 639">
    <p class='ocr_par' dir='ltr' id='par_1_2' title="bbox 144 297 2050 639">
     <span class='ocr_line' id='line_1_2' title="bbox 148 297 2045 359; baseline -0.003 -15"><span class='ocrx_word' id='word_1_4' title='bbox 148 299 372 345; x_wconf 83' lang='lat' dir='ltr'>exsatiabili</span> <span class='ocrx_word' id='word_1_5' title='bbox 410 297 650 342; x_wconf 86' lang='lat' dir='ltr'>dominandi</span> <span class='ocrx_word' id='word_1_6' title='bbox 686 298 903 358; x_wconf 82' lang='lat' dir='ltr'>cupiditate</span> <span class='ocrx_word' id='word_1_7' title='bbox 939 312 1035 343; x_wconf 89' lang='lat' dir='ltr'>tunc</span> <span class='ocrx_word' id='word_1_8' title='bbox 1077 298 1374 352; x_wconf 81' lang='lat' dir='ltr'>dissolverunt,</span> <span class='ocrx_word' id='word_1_9' title='bbox 1415 299 1669 359; x_wconf 84' lang='lat' dir='ltr'>diruperunt.</span> <span class='ocrx_word' id='word_1_10' title='bbox 1732 299 1826 357; x_wconf 83' lang='lat' dir='ltr'>Quo</span> <span class='ocrx_word' id='word_1_11' title='bbox 1861 299 2045 339; x_wconf 76' lang='lat' dir='ltr'>effectum</span> 
     </span>
     <span class='ocr_line' id='line_1_3' title="bbox 145 366 2045 429; baseline -0.004 -16"><span class='ocrx_word' id='word_1_12' title='bbox 145 382 232 421; x_wconf 87' lang='lat' dir='ltr'>est,</span> <span class='ocrx_word' id='word_1_13' title='bbox 261 382 305 412; x_wconf 85' lang='lat' dir='ltr'>ut</span> <span class='ocrx_word' id='word_1_14' title='bbox 342 370 479 412; x_wconf 89' lang='lat' dir='ltr'>Roma</span> <span class='ocrx_word' id='word_1_15' title='bbox 510 367 561 410; x_wconf 91' lang='lat' dir='ltr'>de</span> <span class='ocrx_word' id='word_1_16' title='bbox 585 384 625 410; x_wconf 92' lang='lat' dir='ltr'>se</span> <span class='ocrx_word' id='word_1_17' title='bbox 653 370 738 427; x_wconf 90' lang='lat' dir='ltr'>ipsa</span> <span class='ocrx_word' id='word_1_18' title='bbox 768 384 814 412; x_wconf 88' lang='lat' dir='ltr'>ac</span> <span class='ocrx_word' id='word_1_19' title='bbox 848 382 988 412; x_wconf 85' lang='lat' dir='ltr'>contra</span> <span class='ocrx_word' id='word_1_20' title='bbox 1022 384 1063 411; x_wconf 88' lang='lat' dir='ltr'>se</span> <span class='ocrx_word' id='word_1_21' title='bbox 1094 370 1223 427; x_wconf 82' lang='lat' dir='ltr'>ipsam</span> <span class='ocrx_word' id='word_1_22' title='bbox 1257 371 1380 413; x_wconf 89' lang='lat' dir='ltr'>simul</span> <span class='ocrx_word' id='word_1_23' title='bbox 1418 384 1598 429; x_wconf 84' lang='lat' dir='ltr'>pugnare</span> <span class='ocrx_word' id='word_1_24' title='bbox 1623 383 1671 411; x_wconf 88' lang='lat' dir='ltr'>ac</span> <span class='ocrx_word' id='word_1_25' title='bbox 1701 366 1903 410; x_wconf 85' lang='lat' dir='ltr'>vincendo</span> <span class='ocrx_word' id='word_1_26' title='bbox 1938 366 2045 407; x_wconf 76' lang='lat' dir='ltr'>vinci</span> 
     </span>
     <span class='ocr_line' id='line_1_4' title="bbox 146 435 2050 497; baseline -0.003 -16"><span class='ocrx_word' id='word_1_27' title='bbox 146 445 398 497; x_wconf 76' lang='lat' dir='ltr'>cogeretur.“</span> <span class='ocrx_word' id='word_1_28' title='bbox 458 438 574 496; x_wconf 85' lang='lat' dir='ltr'><strong>Quae</strong></span> <span class='ocrx_word' id='word_1_29' title='bbox 610 440 652 481; x_wconf 90' lang='lat' dir='ltr'>in</span> <span class='ocrx_word' id='word_1_30' title='bbox 690 440 970 497; x_wconf 82' lang='lat' dir='ltr'>disputationis</span> <span class='ocrx_word' id='word_1_31' title='bbox 1010 441 1224 481; x_wconf 73' lang='lat' dir='ltr'>suaefine</span> <span class='ocrx_word' id='word_1_32' title='bbox 1266 440 1318 482; x_wconf 85' lang='lat' dir='ltr'>ad</span> <span class='ocrx_word' id='word_1_33' title='bbox 1358 440 1614 497; x_wconf 84' lang='lat' dir='ltr'>purgandum</span> <span class='ocrx_word' id='word_1_34' title='bbox 1656 439 1902 490; x_wconf 83' lang='lat' dir='ltr'>Caesarem,</span> <span class='ocrx_word' id='word_1_35' title='bbox 1952 435 2050 477; x_wconf 89' lang='lat' dir='ltr'>bell-i</span> 
     </span>
     <span class='ocr_line' id='line_1_5' title="bbox 144 507 2047 569; baseline -0.002 -18"><span class='ocrx_word' id='word_1_36' title='bbox 144 521 378 561; x_wconf 84' lang='lat' dir='ltr'>auctorem,</span> <span class='ocrx_word' id='word_1_37' title='bbox 403 507 660 553; x_wconf 84' lang='lat' dir='ltr'><strong>Burmannus</strong></span> <span class='ocrx_word' id='word_1_38' title='bbox 686 509 828 562; x_wconf 89' lang='lat' dir='ltr'>addit,</span> <span class='ocrx_word' id='word_1_39' title='bbox 846 510 949 553; x_wconf 86' lang='lat' dir='ltr'>nihil</span> <span class='ocrx_word' id='word_1_40' title='bbox 969 521 1091 561; x_wconf 89' lang='lat' dir='ltr'>sunt,</span> <span class='ocrx_word' id='word_1_41' title='bbox 1117 508 1194 552; x_wconf 88' lang='lat' dir='ltr'>nisi</span> <span class='ocrx_word' id='word_1_42' title='bbox 1220 509 1345 552; x_wconf 86' lang='lat' dir='ltr'>verba</span> <span class='ocrx_word' id='word_1_43' title='bbox 1373 521 1411 552; x_wconf 89' lang='lat' dir='ltr'>et</span> <span class='ocrx_word' id='word_1_44' title='bbox 1451 525 1581 553; x_wconf 82' lang='lat' dir='ltr'>voces.</span> <span class='ocrx_word' id='word_1_45' title='bbox 1613 513 1659 566; x_wconf 68' lang='grc' dir='ltr'>ἰ)</span> <span class='ocrx_word' id='word_1_46' title='bbox 1696 510 1843 569; x_wconf 81' lang='lat' dir='ltr'><strong>Neque</strong></span> <span class='ocrx_word' id='word_1_47' title='bbox 1880 520 2047 562; x_wconf 79' lang='lat' dir='ltr'>secum,</span> 
     </span>
     <span class='ocr_line' id='line_1_6' title="bbox 150 579 1405 639; baseline -0.002 -18"><span class='ocrx_word' id='word_1_48' title='bbox 150 590 196 621; x_wconf 90' lang='lat' dir='ltr'>ut</span> <span class='ocrx_word' id='word_1_49' title='bbox 219 580 310 622; x_wconf 84' lang='lat' dir='ltr'>vult</span> <span class='ocrx_word' id='word_1_50' title='bbox 335 579 619 633; x_wconf 86' lang='lat' dir='ltr'><strong>Burmannus,</strong></span> <span class='ocrx_word' id='word_1_51' title='bbox 639 591 793 639; x_wconf 79' lang='lat' dir='ltr'><strong>pugnat</strong></span> <span class='ocrx_word' id='word_1_52' title='bbox 820 580 994 631; x_wconf 84' lang='lat' dir='ltr'>Noster,</span> <span class='ocrx_word' id='word_1_53' title='bbox 1022 579 1122 621; x_wconf 90' lang='lat' dir='ltr'>dum</span> <span class='ocrx_word' id='word_1_54' title='bbox 1152 579 1207 621; x_wconf 88' lang='lat' dir='ltr'>ait</span> <span class='ocrx_word' id='word_1_55' title='bbox 1229 580 1278 630; x_wconf 88' lang='grc' dir='ltr'>Ι,</span> <span class='ocrx_word' id='word_1_56' title='bbox 1312 579 1405 623; x_wconf 85' lang='lat'>128.</span> 
     </span>
    </p>
   </div>
   <div class='ocr_carea' id='block_1_3' title="bbox 366 685 1427 744">
    <p class='ocr_par' dir='ltr' id='par_1_3' title="bbox 366 685 1427 744">
     <span class='ocr_line' id='line_1_7' title="bbox 366 685 1427 744; baseline -0.005 -12"><span class='ocrx_word' id='word_1_57' title='bbox 366 688 530 734; x_wconf 83' lang='lat' dir='ltr'>Victrix</span> <span class='ocrx_word' id='word_1_58' title='bbox 553 701 674 731; x_wconf 86' lang='lat' dir='ltr'>causa</span> <span class='ocrx_word' id='word_1_59' title='bbox 701 688 794 730; x_wconf 90' lang='lat' dir='ltr'>Diis</span> <span class='ocrx_word' id='word_1_60' title='bbox 819 687 1000 744; x_wconf 84' lang='lat' dir='ltr'>placuit,</span> <span class='ocrx_word' id='word_1_61' title='bbox 1033 686 1104 728; x_wconf 91' lang='lat' dir='ltr'>sed</span> <span class='ocrx_word' id='word_1_62' title='bbox 1125 688 1235 729; x_wconf 81' lang='lat' dir='ltr'>victa</span> <span class='ocrx_word' id='word_1_63' title='bbox 1266 685 1427 728; x_wconf 88' lang='lat' dir='ltr'>Catoni.</span> 
     </span>
    </p>
   </div>
   <div class='ocr_carea' id='block_1_4' title="bbox 144 790 2044 850">
    <p class='ocr_par' dir='ltr' id='par_1_4' title="bbox 144 790 2044 850">
     <span class='ocr_line' id='line_1_8' title="bbox 144 790 2044 850; baseline -0.003 -15"><span class='ocrx_word' id='word_1_64' title='bbox 144 794 216 835; x_wconf 86' lang='lat' dir='ltr'>Dii</span> <span class='ocrx_word' id='word_1_65' title='bbox 254 795 362 836; x_wconf 87' lang='lat' dir='ltr'>enim</span> <span class='ocrx_word' id='word_1_66' title='bbox 398 795 462 837; x_wconf 83' lang='lat' dir='ltr'>hic</span> <span class='ocrx_word' id='word_1_67' title='bbox 497 807 590 837; x_wconf 87' lang='lat' dir='ltr'>sunt</span> <span class='ocrx_word' id='word_1_68' title='bbox 646 809 797 835; x_wconf 89' lang='lat' dir='ltr'>numen</span> <span class='ocrx_word' id='word_1_69' title='bbox 838 805 1072 843; x_wconf 88' lang='lat' dir='ltr'>aeternum,</span> <span class='ocrx_word' id='word_1_70' title='bbox 1112 808 1136 834; x_wconf 81' lang='lat' dir='ltr'>a</span> <span class='ocrx_word' id='word_1_71' title='bbox 1172 807 1254 850; x_wconf 88' lang='lat' dir='ltr'>quo</span> <span class='ocrx_word' id='word_1_72' title='bbox 1297 793 1428 834; x_wconf 87' lang='lat' dir='ltr'>omnis</span> <span class='ocrx_word' id='word_1_73' title='bbox 1475 806 1562 834; x_wconf 89' lang='lat' dir='ltr'>sors</span> <span class='ocrx_word' id='word_1_74' title='bbox 1611 801 1777 838; x_wconf 84' lang='lat' dir='ltr'>manat;</span> <span class='ocrx_word' id='word_1_75' title='bbox 1805 790 2044 845; x_wconf 82' lang='lat' dir='ltr'><strong>facinusque</strong></span> 
     </span>
    </p>
   </div>
   <div class='ocr_carea' id='block_1_5' title="bbox 142 857 2045 1057">
    <p class='ocr_par' dir='ltr' id='par_1_5' title="bbox 142 857 2045 1057">
     <span class='ocr_line' id='line_1_9' title="bbox 145 857 2043 921; baseline -0.003 -16"><span class='ocrx_word' id='word_1_76' title='bbox 145 862 326 908; x_wconf 84' lang='lat' dir='ltr'>Caesaris</span> <span class='ocrx_word' id='word_1_77' title='bbox 353 879 436 906; x_wconf 89' lang='lat' dir='ltr'><strong>non</strong></span> <span class='ocrx_word' id='word_1_78' title='bbox 470 879 494 905; x_wconf 90' lang='lat' dir='ltr'>a</span> <span class='ocrx_word' id='word_1_79' title='bbox 522 863 600 906; x_wconf 88' lang='lat' dir='ltr'>diis</span> <span class='ocrx_word' id='word_1_80' title='bbox 626 864 873 920; x_wconf 88' lang='lat' dir='ltr'>probatum,</span> <span class='ocrx_word' id='word_1_81' title='bbox 908 861 978 905; x_wconf 91' lang='lat' dir='ltr'>sed</span> <span class='ocrx_word' id='word_1_82' title='bbox 1012 861 1207 905; x_wconf 86' lang='lat' dir='ltr'>divinitus</span> <span class='ocrx_word' id='word_1_83' title='bbox 1239 874 1443 921; x_wconf 82' lang='lat' dir='ltr'>patratum</span> <span class='ocrx_word' id='word_1_84' title='bbox 1475 875 1560 904; x_wconf 85' lang='lat' dir='ltr'>esse</span> <span class='ocrx_word' id='word_1_85' title='bbox 1594 861 1627 903; x_wconf 89' lang='lat' dir='ltr'>is</span> <span class='ocrx_word' id='word_1_86' title='bbox 1657 873 1796 902; x_wconf 88' lang='lat' dir='ltr'>versus</span> <span class='ocrx_word' id='word_1_87' title='bbox 1829 857 2043 916; x_wconf 63' lang='lat' dir='ltr'>significat⁶</span> 
     </span>
     <span class='ocr_line' id='line_1_10' title="bbox 142 929 2045 988; baseline -0.003 -14"><span class='ocrx_word' id='word_1_88' title='bbox 142 933 212 974; x_wconf 87' lang='lat' dir='ltr'>Ac</span> <span class='ocrx_word' id='word_1_89' title='bbox 238 947 365 988; x_wconf 84' lang='lat' dir='ltr'>poena</span> <span class='ocrx_word' id='word_1_90' title='bbox 395 930 557 972; x_wconf 85' lang='lat' dir='ltr'>Caesari</span> <span class='ocrx_word' id='word_1_91' title='bbox 587 931 642 971; x_wconf 89' lang='lat' dir='ltr'>ob</span> <span class='ocrx_word' id='word_1_92' title='bbox 687 930 822 971; x_wconf 89' lang='lat' dir='ltr'>dirum</span> <span class='ocrx_word' id='word_1_93' title='bbox 851 931 1001 972; x_wconf 88' lang='lat' dir='ltr'>sactum</span> <span class='ocrx_word' id='word_1_94' title='bbox 1040 930 1187 973; x_wconf 89' lang='lat' dir='ltr'>luenda</span> <span class='ocrx_word' id='word_1_95' title='bbox 1232 931 1434 973; x_wconf 87' lang='lat' dir='ltr'>indicatur</span> <span class='ocrx_word' id='word_1_96' title='bbox 1465 932 1559 981; x_wconf 92' lang='lat' dir='ltr'>VI,</span> <span class='ocrx_word' id='word_1_97' title='bbox 1605 931 1692 987; x_wconf 80' lang='lat'>692</span> <span class='ocrx_word' id='word_1_98' title='bbox 1732 941 1770 971; x_wconf 88' lang='lat' dir='ltr'>et</span> <span class='ocrx_word' id='word_1_99' title='bbox 1803 929 1899 972; x_wconf 87' lang='lat'>810.</span> <span class='ocrx_word' id='word_1_100' title='bbox 1950 929 2045 984; x_wconf 83' lang='lat' dir='ltr'>Quo</span> 
     </span>
     <span class='ocr_line' id='line_1_11' title="bbox 142 999 1607 1057; baseline 0.001 -14"><span class='ocrx_word' id='word_1_101' title='bbox 142 1001 287 1043; x_wconf 83' lang='lat' dir='ltr'>ultimo</span> <span class='ocrx_word' id='word_1_102' title='bbox 316 1002 407 1043; x_wconf 88' lang='lat' dir='ltr'>loco</span> <span class='ocrx_word' id='word_1_103' title='bbox 429 999 573 1057; x_wconf 89' lang='lat' dir='ltr'>spiritu</span> <span class='ocrx_word' id='word_1_104' title='bbox 598 999 778 1057; x_wconf 89' lang='lat' dir='ltr'>quodam</span> <span class='ocrx_word' id='word_1_105' title='bbox 802 1000 961 1057; x_wconf 89' lang='lat' dir='ltr'>poetico</span> <span class='ocrx_word' id='word_1_106' title='bbox 992 1012 1187 1042; x_wconf 89' lang='lat' dir='ltr'>retractus</span> <span class='ocrx_word' id='word_1_107' title='bbox 1223 1014 1269 1041; x_wconf 87' lang='lat' dir='ltr'>ex</span> <span class='ocrx_word' id='word_1_108' title='bbox 1297 999 1432 1043; x_wconf 85' lang='lat' dir='ltr'>Erebo</span> <span class='ocrx_word' id='word_1_109' title='bbox 1463 1013 1572 1045; x_wconf 85' lang='lat' dir='ltr'>vates</span> <span class='ocrx_word' id='word_1_110' title='bbox 1595 1017 1607 1049; x_wconf 70' lang='grc' dir='ltr'><strong><em>ε</em></strong></span> 
     </span>
    </p>
   </div>
   <div class='ocr_carea' id='block_1_6' title="bbox 366 1104 1584 1235">
    <p class='ocr_par' dir='ltr' id='par_1_6' title="bbox 366 1104 1584 1235">
     <span class='ocr_line' id='line_1_12' title="bbox 370 1104 1563 1165; baseline -0.003 -16"><span class='ocrx_word' id='word_1_111' title='bbox 370 1108 503 1165; x_wconf 85' lang='lat' dir='ltr'><strong>Quem</strong></span> <span class='ocrx_word' id='word_1_112' title='bbox 526 1107 728 1150; x_wconf 85' lang='lat' dir='ltr'>tumulum</span> <span class='ocrx_word' id='word_1_113' title='bbox 759 1107 870 1157; x_wconf 84' lang='lat' dir='ltr'>Nili,</span> <span class='ocrx_word' id='word_1_114' title='bbox 906 1123 1023 1164; x_wconf 91' lang='lat' dir='ltr'>quem</span> <span class='ocrx_word' id='word_1_115' title='bbox 1057 1105 1256 1163; x_wconf 83' lang='lat' dir='ltr'>Tybridis</span> <span class='ocrx_word' id='word_1_116' title='bbox 1288 1105 1426 1148; x_wconf 78' lang='lat' dir='ltr'>adluat</span> <span class='ocrx_word' id='word_1_117' title='bbox 1451 1104 1563 1148; x_wconf 83' lang='lat' dir='ltr'>unda</span> 
     </span>
     <span class='ocr_line' id='line_1_13' title="bbox 366 1175 1584 1235; baseline -0.004 -15"><span class='ocrx_word' id='word_1_118' title='bbox 366 1177 584 1235; x_wconf 81' lang='lat' dir='ltr'>Quaeritur</span> <span class='ocrx_word' id='word_1_119' title='bbox 601 1209 612 1229; x_wconf 94' lang='lat'>‚</span> <span class='ocrx_word' id='word_1_120' title='bbox 642 1189 680 1220; x_wconf 88' lang='lat' dir='ltr'>et</span> <span class='ocrx_word' id='word_1_121' title='bbox 718 1176 890 1219; x_wconf 86' lang='lat' dir='ltr'>ducibus</span> <span class='ocrx_word' id='word_1_122' title='bbox 918 1189 1076 1219; x_wconf 90' lang='lat' dir='ltr'>tantum</span> <span class='ocrx_word' id='word_1_123' title='bbox 1109 1175 1159 1218; x_wconf 87' lang='lat' dir='ltr'>de</span> <span class='ocrx_word' id='word_1_124' title='bbox 1183 1175 1322 1218; x_wconf 86' lang='lat' dir='ltr'>funere</span> <span class='ocrx_word' id='word_1_125' title='bbox 1350 1189 1485 1233; x_wconf 82' lang='lat' dir='ltr'>pugna</span> <span class='ocrx_word' id='word_1_126' title='bbox 1514 1184 1584 1216; x_wconf 87' lang='lat' dir='ltr'>est.</span> 
     </span>
    </p>
   </div>
   <div class='ocr_carea' id='block_1_7' title="bbox 141 1279 2039 1475">
    <p class='ocr_par' dir='ltr' id='par_1_7' title="bbox 141 1279 2039 1475">
     <span class='ocr_line' id='line_1_14' title="bbox 144 1279 2039 1342; baseline -0.001 -16"><span class='ocrx_word' id='word_1_127' title='bbox 144 1282 314 1326; x_wconf 90' lang='lat' dir='ltr'>deorum</span> <span class='ocrx_word' id='word_1_128' title='bbox 343 1282 465 1342; x_wconf 85' lang='lat' dir='ltr'>igitur</span> <span class='ocrx_word' id='word_1_129' title='bbox 495 1282 786 1325; x_wconf 86' lang='lat' dir='ltr'>immortalium</span> <span class='ocrx_word' id='word_1_130' title='bbox 815 1281 981 1324; x_wconf 90' lang='lat' dir='ltr'>numine</span> <span class='ocrx_word' id='word_1_131' title='bbox 1025 1292 1219 1324; x_wconf 79' lang='lat' dir='ltr'>statutum</span> <span class='ocrx_word' id='word_1_132' title='bbox 1249 1292 1357 1334; x_wconf 88' lang='lat' dir='ltr'>erat,</span> <span class='ocrx_word' id='word_1_133' title='bbox 1385 1291 1431 1323; x_wconf 91' lang='lat' dir='ltr'>ut</span> <span class='ocrx_word' id='word_1_134' title='bbox 1464 1279 1527 1323; x_wconf 89' lang='lat' dir='ltr'>his</span> <span class='ocrx_word' id='word_1_135' title='bbox 1564 1280 1815 1339; x_wconf 89' lang='lat' dir='ltr'>temporibus</span> <span class='ocrx_word' id='word_1_136' title='bbox 1846 1280 2039 1325; x_wconf 77' lang='lat' dir='ltr'>Romana</span> 
     </span>
     <span class='ocr_line' id='line_1_15' title="bbox 141 1350 2037 1410; baseline 0 -18"><span class='ocrx_word' id='word_1_137' title='bbox 141 1354 304 1394; x_wconf 90' lang='lat' dir='ltr'>libertas</span> <span class='ocrx_word' id='word_1_138' title='bbox 331 1354 509 1403; x_wconf 89' lang='lat' dir='ltr'>labaret,</span> <span class='ocrx_word' id='word_1_139' title='bbox 539 1353 693 1410; x_wconf 84' lang='lat' dir='ltr'>aliquot</span> <span class='ocrx_word' id='word_1_140' title='bbox 729 1363 821 1409; x_wconf 91' lang='lat' dir='ltr'>post</span> <span class='ocrx_word' id='word_1_141' title='bbox 860 1352 975 1392; x_wconf 84' lang='lat' dir='ltr'>annis</span> <span class='ocrx_word' id='word_1_142' title='bbox 1001 1365 1167 1408; x_wconf 89' lang='lat' dir='ltr'>prorsus</span> <span class='ocrx_word' id='word_1_143' title='bbox 1201 1351 1371 1391; x_wconf 87' lang='lat' dir='ltr'>ruitura.</span> <span class='ocrx_word' id='word_1_144' title='bbox 1435 1351 1572 1408; x_wconf 83' lang='lat' dir='ltr'>Quare</span> <span class='ocrx_word' id='word_1_145' title='bbox 1612 1350 1708 1402; x_wconf 86' lang='lat' dir='ltr'>VI,</span> <span class='ocrx_word' id='word_1_146' title='bbox 1757 1351 1854 1406; x_wconf 71' lang='lat'><strong>784.</strong></span> <span class='ocrx_word' id='word_1_147' title='bbox 1899 1351 2037 1409; x_wconf 84' lang='lat' dir='ltr'>lugent</span> 
     </span>
     <span class='ocr_line' id='line_1_16' title="bbox 142 1419 1380 1475; baseline -0.005 -8"><span class='ocrx_word' id='word_1_148' title='bbox 142 1422 331 1475; x_wconf 87' lang='lat' dir='ltr'>Camilli,</span> <span class='ocrx_word' id='word_1_149' title='bbox 371 1421 594 1465; x_wconf 88' lang='lat' dir='ltr'>Deciorum</span> <span class='ocrx_word' id='word_1_150' title='bbox 628 1434 667 1464; x_wconf 87' lang='lat' dir='ltr'>et</span> <span class='ocrx_word' id='word_1_151' title='bbox 709 1421 931 1464; x_wconf 90' lang='lat' dir='ltr'>Curiorum</span> <span class='ocrx_word' id='word_1_152' title='bbox 971 1419 1191 1465; x_wconf 85' lang='lat' dir='ltr'>venerandi</span> <span class='ocrx_word' id='word_1_153' title='bbox 1217 1434 1380 1463; x_wconf 87' lang='lat' dir='ltr'>manes:</span> 
     </span>
    </p>
   </div>
   <div class='ocr_carea' id='block_1_8' title="bbox 717 1516 1263 1560">
    <p class='ocr_par' dir='ltr' id='par_1_8' title="bbox 717 1516 1263 1560">
     <span class='ocr_line' id='line_1_17' title="bbox 717 1516 1263 1560; baseline 0.002 -1"><span class='ocrx_word' id='word_1_154' title='bbox 717 1517 865 1560; x_wconf 89' lang='lat' dir='ltr'>Tristis</span> <span class='ocrx_word' id='word_1_155' title='bbox 894 1517 1077 1560; x_wconf 85' lang='lat' dir='ltr'>felicibus</span> <span class='ocrx_word' id='word_1_156' title='bbox 1107 1516 1263 1560; x_wconf 87' lang='lat' dir='ltr'>umbris</span> 
     </span>
    </p>
   </div>
   <div class='ocr_carea' id='block_1_9' title="bbox 367 1586 1544 1715">
    <p class='ocr_par' dir='ltr' id='par_1_9' title="bbox 367 1586 1544 1715">
     <span class='ocr_line' id='line_1_18' title="bbox 367 1586 1544 1646; baseline -0.001 -15"><span class='ocrx_word' id='word_1_157' title='bbox 367 1588 524 1632; x_wconf 89' lang='lat' dir='ltr'>Vultus</span> <span class='ocrx_word' id='word_1_158' title='bbox 558 1598 671 1630; x_wconf 88' lang='lat' dir='ltr'>erat:</span> <span class='ocrx_word' id='word_1_159' title='bbox 700 1586 786 1629; x_wconf 84' lang='lat' dir='ltr'>vidi</span> <span class='ocrx_word' id='word_1_160' title='bbox 815 1587 965 1629; x_wconf 88' lang='lat' dir='ltr'>Decios</span> <span class='ocrx_word' id='word_1_161' title='bbox 983 1618 994 1638; x_wconf 94' lang='lat'><strong>‚</strong></span> <span class='ocrx_word' id='word_1_162' title='bbox 1027 1599 1250 1646; x_wconf 89' lang='lat' dir='ltr'>natumque</span> <span class='ocrx_word' id='word_1_163' title='bbox 1282 1597 1544 1646; x_wconf 84' lang='lat' dir='ltr'>patremque,</span> 
     </span>
     <span class='ocr_line' id='line_1_19' title="bbox 368 1656 1449 1715; baseline 0.002 -18"><span class='ocrx_word' id='word_1_164' title='bbox 368 1658 572 1698; x_wconf 86' lang='lat' dir='ltr'>Lustrales</span> <span class='ocrx_word' id='word_1_165' title='bbox 602 1657 718 1698; x_wconf 88' lang='lat' dir='ltr'>bellis</span> <span class='ocrx_word' id='word_1_166' title='bbox 743 1657 897 1698; x_wconf 88' lang='lat' dir='ltr'>animas</span> <span class='ocrx_word' id='word_1_167' title='bbox 914 1686 926 1708; x_wconf 90' lang='lat'>,</span> <span class='ocrx_word' id='word_1_168' title='bbox 956 1658 1198 1715; x_wconf 86' lang='lat' dir='ltr'>flentemque</span> <span class='ocrx_word' id='word_1_169' title='bbox 1227 1656 1449 1699; x_wconf 83' lang='lat' dir='ltr'>Camillum</span> 
     </span>
    </p>
   </div>
   <div class='ocr_carea' id='block_1_10' title="bbox 366 1724 608 1768">
    <p class='ocr_par' dir='ltr' id='par_1_10' title="bbox 366 1724 608 1768">
     <span class='ocr_line' id='line_1_20' title="bbox 366 1724 608 1768; baseline -0.008 0"><span class='ocrx_word' id='word_1_170' title='bbox 366 1725 420 1768; x_wconf 88' lang='lat' dir='ltr'>Et</span> <span class='ocrx_word' id='word_1_171' title='bbox 449 1724 608 1766; x_wconf 89' lang='lat' dir='ltr'>Curios.</span> 
     </span>
    </p>
   </div>
   <div class='ocr_carea' id='block_1_11' title="bbox 142 1829 2050 2169">
    <p class='ocr_par' dir='ltr' id='par_1_11' title="bbox 142 1829 2050 2169">
     <span class='ocr_line' id='line_1_21' title="bbox 149 1829 2050 1889; baseline -0.001 -13"><span class='ocrx_word' id='word_1_172' title='bbox 149 1831 346 1889; x_wconf 85' lang='lat' dir='ltr'>Pompeio</span> <span class='ocrx_word' id='word_1_173' title='bbox 386 1831 521 1887; x_wconf 84' lang='lat' dir='ltr'>legum</span> <span class='ocrx_word' id='word_1_174' title='bbox 567 1841 604 1872; x_wconf 87' lang='lat' dir='ltr'>et</span> <span class='ocrx_word' id='word_1_175' title='bbox 642 1830 915 1886; x_wconf 85' lang='lat' dir='ltr'>reipublicae</span> <span class='ocrx_word' id='word_1_176' title='bbox 944 1831 1068 1873; x_wconf 87' lang='lat' dir='ltr'>ultori</span> <span class='ocrx_word' id='word_1_177' title='bbox 1109 1832 1276 1873; x_wconf 86' lang='lat' dir='ltr'>comites</span> <span class='ocrx_word' id='word_1_178' title='bbox 1313 1829 1521 1873; x_wconf 86' lang='lat' dir='ltr'>adduntur</span> <span class='ocrx_word' id='word_1_179' title='bbox 1555 1831 1658 1874; x_wconf 89' lang='lat' dir='ltr'>Cato</span> <span class='ocrx_word' id='word_1_180' title='bbox 1690 1843 1728 1874; x_wconf 90' lang='lat' dir='ltr'>et</span> <span class='ocrx_word' id='word_1_181' title='bbox 1767 1831 1946 1884; x_wconf 79' lang='lat' dir='ltr'>Brutus,</span> <span class='ocrx_word' id='word_1_182' title='bbox 1972 1847 2050 1876; x_wconf 78' lang='lat' dir='ltr'>ve-</span> 
     </span>
     <span class='ocr_line' id='line_1_22' title="bbox 143 1898 2041 1960; baseline -0.001 -16"><span class='ocrx_word' id='word_1_183' title='bbox 143 1900 322 1944; x_wconf 87' lang='lat' dir='ltr'>neranda</span> <span class='ocrx_word' id='word_1_184' title='bbox 347 1900 412 1941; x_wconf 90' lang='lat' dir='ltr'>illa</span> <span class='ocrx_word' id='word_1_185' title='bbox 439 1899 632 1960; x_wconf 70' lang='lat' dir='ltr'>libertatis</span> <span class='ocrx_word' id='word_1_186' title='bbox 671 1900 988 1958; x_wconf 84' lang='lat' dir='ltr'>propugnacula.</span> <span class='ocrx_word' id='word_1_187' title='bbox 1051 1900 1196 1958; x_wconf 84' lang='lat' dir='ltr'>Neque</span> <span class='ocrx_word' id='word_1_188' title='bbox 1229 1898 1432 1940; x_wconf 90' lang='lat' dir='ltr'>incassum</span> <span class='ocrx_word' id='word_1_189' title='bbox 1469 1899 1561 1942; x_wconf 89' lang='lat' dir='ltr'>libr.</span> <span class='ocrx_word' id='word_1_190' title='bbox 1592 1901 1653 1943; x_wconf 91' lang='grc' dir='ltr'>ΙΙ.</span> <span class='ocrx_word' id='word_1_191' title='bbox 1696 1900 1896 1944; x_wconf 88' lang='lat' dir='ltr'>nominati</span> <span class='ocrx_word' id='word_1_192' title='bbox 1920 1911 2041 1953; x_wconf 82' lang='lat' dir='ltr'>sunt„</span> 
     </span>
     <span class='ocr_line' id='line_1_23' title="bbox 147 1968 2040 2028; baseline -0.001 -14"><span class='ocrx_word' id='word_1_193' title='bbox 147 1987 241 2014; x_wconf 90' lang='lat' dir='ltr'>cum</span> <span class='ocrx_word' id='word_1_194' title='bbox 273 1970 422 2010; x_wconf 88' lang='lat' dir='ltr'>Brutus</span> <span class='ocrx_word' id='word_1_195' title='bbox 452 1968 561 2025; x_wconf 86' lang='lat' dir='ltr'>apud</span> <span class='ocrx_word' id='word_1_196' title='bbox 590 1969 830 2011; x_wconf 88' lang='lat' dir='ltr'>Pharsalum</span> <span class='ocrx_word' id='word_1_197' title='bbox 860 1971 935 2012; x_wconf 92' lang='lat' dir='ltr'>sub</span> <span class='ocrx_word' id='word_1_198' title='bbox 960 1970 1179 2027; x_wconf 86' lang='lat' dir='ltr'>Pompeio,</span> <span class='ocrx_word' id='word_1_199' title='bbox 1215 1984 1286 2011; x_wconf 84' lang='lat' dir='ltr'>sua</span> <span class='ocrx_word' id='word_1_200' title='bbox 1318 1980 1472 2012; x_wconf 85' lang='lat' dir='ltr'>tantum</span> <span class='ocrx_word' id='word_1_201' title='bbox 1497 1971 1645 2013; x_wconf 80' lang='lat' dir='ltr'>virtute</span> <span class='ocrx_word' id='word_1_202' title='bbox 1671 1972 1839 2028; x_wconf 83' lang='lat' dir='ltr'>insignis</span> <span class='ocrx_word' id='word_1_203' title='bbox 1875 1971 2040 2013; x_wconf 84' lang='lat' dir='ltr'>dimicet</span> 
     </span>
     <span class='ocr_line' id='line_1_24' title="bbox 146 2037 2036 2100; baseline -0.001 -17"><span class='ocrx_word' id='word_1_204' title='bbox 146 2041 218 2096; x_wconf 88' lang='lat' dir='ltr'>(cf.</span> <span class='ocrx_word' id='word_1_205' title='bbox 260 2038 375 2089; x_wconf 80' lang='lat' dir='ltr'>VII,</span> <span class='ocrx_word' id='word_1_206' title='bbox 407 2039 534 2093; x_wconf 83' lang='lat'>586),</span> <span class='ocrx_word' id='word_1_207' title='bbox 575 2037 680 2083; x_wconf 86' lang='lat' dir='ltr'>Cato</span> <span class='ocrx_word' id='word_1_208' title='bbox 719 2052 812 2098; x_wconf 86' lang='lat' dir='ltr'>post</span> <span class='ocrx_word' id='word_1_209' title='bbox 853 2040 1094 2100; x_wconf 86' lang='lat' dir='ltr'>Pompeium</span> <span class='ocrx_word' id='word_1_210' title='bbox 1140 2039 1387 2084; x_wconf 87' lang='lat' dir='ltr'>trucidatum</span> <span class='ocrx_word' id='word_1_211' title='bbox 1419 2038 1534 2085; x_wconf 88' lang='lat' dir='ltr'>ducis</span> <span class='ocrx_word' id='word_1_212' title='bbox 1584 2039 1674 2086; x_wconf 71' lang='lat' dir='ltr'>vice</span> <span class='ocrx_word' id='word_1_213' title='bbox 1716 2039 1932 2085; x_wconf 81' lang='lat' dir='ltr'>functurus</span> <span class='ocrx_word' id='word_1_214' title='bbox 1971 2040 2036 2084; x_wconf 86' lang='lat' dir='ltr'>sit.</span> 
     </span>
     <span class='ocr_line' id='line_1_25' title="bbox 142 2109 693 2169; baseline -0.005 -15"><span class='ocrx_word' id='word_1_215' title='bbox 142 2111 208 2154; x_wconf 86' lang='lat' dir='ltr'>De</span> <span class='ocrx_word' id='word_1_216' title='bbox 230 2124 311 2169; x_wconf 93' lang='lat' dir='ltr'>quo</span> <span class='ocrx_word' id='word_1_217' title='bbox 336 2109 419 2164; x_wconf 85' lang='lat' dir='ltr'>jam</span> <span class='ocrx_word' id='word_1_218' title='bbox 448 2109 693 2151; x_wconf 86' lang='lat' dir='ltr'>monuimus.</span> 
     </span>
    </p>
   </div>
   <div class='ocr_carea' id='block_1_12' title="bbox 225 2216 2041 2277">
    <p class='ocr_par' dir='ltr' id='par_1_12' title="bbox 225 2216 2041 2277">
     <span class='ocr_line' id='line_1_26' title="bbox 225 2216 2041 2277; baseline 0.001 -18"><span class='ocrx_word' id='word_1_219' title='bbox 225 2217 310 2260; x_wconf 86' lang='lat' dir='ltr'>Res</span> <span class='ocrx_word' id='word_1_220' title='bbox 347 2216 389 2258; x_wconf 88' lang='lat' dir='ltr'>in</span> <span class='ocrx_word' id='word_1_221' title='bbox 425 2217 633 2277; x_wconf 56' lang='lat' dir='ltr'>Rharsalia</span> <span class='ocrx_word' id='word_1_222' title='bbox 671 2228 900 2272; x_wconf 83' lang='lat' dir='ltr'>enarratae,</span> <span class='ocrx_word' id='word_1_223' title='bbox 929 2231 1033 2276; x_wconf 85' lang='lat' dir='ltr'>quae</span> <span class='ocrx_word' id='word_1_224' title='bbox 1073 2228 1203 2261; x_wconf 82' lang='lat' dir='ltr'><strong>unum</strong></span> <span class='ocrx_word' id='word_1_225' title='bbox 1238 2217 1470 2262; x_wconf 86' lang='lat' dir='ltr'>absolutum</span> <span class='ocrx_word' id='word_1_226' title='bbox 1512 2231 1658 2276; x_wconf 85' lang='lat' dir='ltr'>corpus</span> <span class='ocrx_word' id='word_1_227' title='bbox 1703 2217 1904 2269; x_wconf 84' lang='lat' dir='ltr'>efficium,</span> <span class='ocrx_word' id='word_1_228' title='bbox 1944 2225 2041 2263; x_wconf 75' lang='lat' dir='ltr'>sunt</span> 
     </span>
    </p>
   </div>
   <div class='ocr_carea' id='block_1_13' title="bbox 246 2378 2047 2495">
    <p class='ocr_par' dir='ltr' id='par_1_13' title="bbox 246 2378 2047 2495">
     <span class='ocr_line' id='line_1_27' title="bbox 246 2378 2047 2432; baseline 0.001 -13"><span class='ocrx_word' id='word_1_229' title='bbox 246 2385 285 2429; x_wconf 49' lang='grc' dir='ltr'>θ’)</span> <span class='ocrx_word' id='word_1_230' title='bbox 313 2384 427 2431; x_wconf 90' lang='lat' dir='ltr'>Saepe</span> <span class='ocrx_word' id='word_1_231' title='bbox 457 2395 542 2420; x_wconf 89' lang='lat' dir='ltr'>cum</span> <span class='ocrx_word' id='word_1_232' title='bbox 572 2390 631 2421; x_wconf 86' lang='lat' dir='ltr'>tot</span> <span class='ocrx_word' id='word_1_233' title='bbox 664 2383 795 2432; x_wconf 76' lang='lat' dir='ltr'>putida</span> <span class='ocrx_word' id='word_1_234' title='bbox 830 2383 869 2419; x_wconf 87' lang='lat' dir='ltr'>in</span> <span class='ocrx_word' id='word_1_235' title='bbox 886 2382 1002 2419; x_wconf 88' lang='lat' dir='ltr'>latine</span> <span class='ocrx_word' id='word_1_236' title='bbox 1022 2381 1170 2430; x_wconf 80' lang='lat' dir='ltr'>scriptis</span> <span class='ocrx_word' id='word_1_237' title='bbox 1197 2381 1334 2419; x_wconf 76' lang='lat' dir='ltr'>libellis</span> <span class='ocrx_word' id='word_1_238' title='bbox 1359 2381 1550 2432; x_wconf 85' lang='lat' dir='ltr'>legerem,</span> <span class='ocrx_word' id='word_1_239' title='bbox 1572 2380 1775 2421; x_wconf 80' lang='lat' dir='ltr'>videbatur</span> <span class='ocrx_word' id='word_1_240' title='bbox 1798 2378 1894 2421; x_wconf 81' lang='lat' dir='ltr'>mihi</span> <span class='ocrx_word' id='word_1_241' title='bbox 1920 2393 2047 2425; x_wconf 67' lang='lat' dir='ltr'>termo</span> 
     </span>
     <span class='ocr_line' id='line_1_28' title="bbox 304 2442 1392 2495; baseline 0 -17"><span class='ocrx_word' id='word_1_242' title='bbox 304 2443 466 2489; x_wconf 79' lang='lat' dir='ltr'>latinus,</span> <span class='ocrx_word' id='word_1_243' title='bbox 499 2449 542 2479; x_wconf 90' lang='lat' dir='ltr'>ut</span> <span class='ocrx_word' id='word_1_244' title='bbox 567 2442 614 2481; x_wconf 88' lang='lat' dir='ltr'>de</span> <span class='ocrx_word' id='word_1_245' title='bbox 642 2443 803 2495; x_wconf 83' lang='lat' dir='ltr'>epistola</span> <span class='ocrx_word' id='word_1_246' title='bbox 833 2444 967 2481; x_wconf 84' lang='lat' dir='ltr'>Cicero</span> <span class='ocrx_word' id='word_1_247' title='bbox 992 2444 1067 2490; x_wconf 84' lang='lat' dir='ltr'>ait,</span> <span class='ocrx_word' id='word_1_248' title='bbox 1093 2454 1163 2478; x_wconf 88' lang='lat' dir='ltr'><strong>non</strong></span> <span class='ocrx_word' id='word_1_249' title='bbox 1189 2443 1392 2482; x_wconf 74' lang='lat' dir='ltr'>erubescere.</span> 
     </span>
    </p>
   </div>
  </div>
 </body>
</html>
